2180 3220
1502 99 1527 142 1
1547 100 1569 142 1

102 166 194 236 ..ad
225 162 542 230 orbitatem
575 162 912 231 devenerat:
933 181 1105 249 caput
1143 165 1204 226 in
1226 168 1383 231 Petri
1415 101 1717 238 tumul3um

100 246 622 332 vix²immis1t,ct‘tm
642 253 787 317 illud
807 251 948 318 inde
969 277 1107 320 curn
1126 262 1466 346 recuperata
1486 265 1715 355 integre

98 353 232 416 iuce
257 351 529 438 protinus
553 345 777 414 extulit.

98 502 105 509 ,
189 440 584 507 Elisabetham
603 437 922 504 Fonsecam
948 437 1172 504 affidua
1192 442 1381 508 cordis
1406 444 1710 533 palpitatio

95 537 327 603 Matriti
349 533 589 595 biennio
609 532 728 616 jam
754 532 1023 598 vexabat:
1043 537 1199 597 Petri
1222 534 1592 624 sepulchrum
1611 542 1707 628 pie

91 624 407 693 invisuram
430 623 486 690 se
509 628 710 713 recipit
735 624 940 688 :simul
977 622 1098 712 ipsa
1119 647 1330 693 votum
1356 633 1573 696 emittit
1597 673 1616 706 ‚
1638 631 1708 697 fi·-

89 720 217 785 mul
240 717 309 780 ab
332 717 458 805 ipsa‘i
486 714 774 805 aegritudo
807 717 1153 795 dimittitur,
1181 732 1239 787 δε
1261 722 1375 788 suae
1396 726 1583 812 quieti
1609 748 1705 791 ex<

85 809 313 899 templo
336 834 436 874 cor
461 809 724 874 redditur
744 853 762 870 .

147 974 153 977 ,
180 901 510 968 Balthaffari
537 902 880 991 Rodriguez
897 925 964 965 ex
992 900 1209 968 effracti
1233 905 1536 996 utriusque
1562 910 1703 973 late·-

84 998 160 1061 ris
184 997 343 1060 hiatu
369 996 463 1058 ilia
485 993 854 1064 defluebant:
877 1001 1179 1085 mortique
1215 998 1335 1082 jam
1376 1002 1698 1068 imminens

82 1086 459 1164 novendiales
481 1111 677 1175 preces
695 1130 715 1162 ‚
737 1086 931 1154 salutis
956 1091 1360 1177 recuperandae
1382 1093 1555 1157 causii
1576 1133 1596 1169 ,
1623 1092 1695 1159 ad

77 1181 445 1270 sepulchrum
466 1181 894 1245 Petridevovit:
916 1183 1064 1246 inibi
1082 1182 1380 1271 postremo
1413 1185 1512 1250 die
1541 1188 1692 1250 inte-

77 1298 191 1364 grae
217 1272 480 1338 redditus
501 1273 579 1337 est
595 1273 783 1337 saluti.

170 1371 426 1434 Mariam
460 1369 712 1430 Alvarez
735 1366 807 1428 de
832 1365 1023 1429 Sotoa
1051 1365 1255 1431 dolore
1279 1410 1297 1444 ,
1325 1389 1687 1459 tumoreque

74 1483 282 1524 manus
303 1463 458 1525 Petri
481 1458 717 1520 baculus
735 1457 805 1520 ab
825 1458 894 1522 εὲι
912 1461 1005 1522 vix
1025 1466 1416 1525 contreaatus
1436 1460 1682 1528 asseruit.

167 1551 462 1618 Francisca
497 1553 792 1616 Martinez
814 1549 1368 1616 Mombeltranenfis
1417 1557 1680 1642 Oppida·

68 1666 143 1708 na
162 1644 344 1709 fracto
366 1642 514 1731 pede
536 1645 791 1706 triennio
815 1641 1136 1707 claudicans
1156 1688 1174 1722 ‚
1198 1646 1497 1733 desperata
1528 1646 1675 1713 salu-

67 1756 126 1802 te
142 1780 162 1813 ‚
182 1739 253 1800 ad
276 1739 434 1804 Petri
456 1735 753 1807 tumulum
775 1736 1068 1809 manibuS,
1089 1739 1460 1826 genibusque
1482 1759 1673 1829 repta-

66 1831 156 1893 vit
178 1852 194 1893 :
216 1831 337 1913 ejus
360 1827 668 1916 implorata*
691 1851 833 1917 ope,
858 1827 997 1892 sano
1025 1828 1331 1920 solidoque
1370 1830 1520 1919 pede
1558 1831 1668 1898 do-

66 1945 237 1986 mum
263 1927 386 1986 laeta
406 1921 460 1986 se
483 1924 678 1985 retulit
694 1968 710 1986 .

153 2015 587 2080 Bartholomaeo
606 2011 835 2079 Garziae
870 2017 1133 2102 populari
1169 2040 1236 2080 ex
1259 2017 1504 2106 Oppido
1525 2024 1666 2087 San-

61 2112 164 2172 &ae
189 2111 397 2172 Crucis
434 2107 682 2171 :surditas
729 2112 1038 2195 utramque
1076 2133 1276 2173 autem
1294 2112 1620 2177 ¹obtuderat
1643 2140 1660 2179 z

61 2222 275 2286 aquam
318 2202 552 2287 utrique
593 2199 664 2261 ab
701 2206 915 2262 attactu
956 2204 1334 2288 reliquiarum
1379 2209 1536 2267 Petri
1584 2206 1661 2269 sa-

61 2316 220 2356 cram
239 2334 257 2365 ,
279 2302 340 2358 δε
360 2315 495 2356 cum
516 2290 672 2381 aquai
713 2313 837 2355 uno
878 2291 1046 2357 fimul
1085 2313 1355 2383 tempore
1391 2298 1657 2369 auditum

58 2384 274 2449 infudit
291 2426 310 2446 .
793 2431 795 2433 -
910 2447 913 2450 .

150 2477 396 2542 Isabellae
428 2477 567 2543 vero
589 2481 894 2545 Gonzalez
916 2478 947 2544 a
970 2482 1156 2545 tribus
1193 2482 1314 2566 jam
1354 2481 1650 2548 menfibus

61 2569 358 2636 obcaecatae
378 2594 531 2661 aqua
547 2571 749 2638 eadem
772 2572 942 2638 usum
959 2575 1123 2656 luciS,
1140 2588 1197 2641 &
1216 2577 1524 2641 oculorum
1542 2579 1652 2641 im-

57 2682 249 2748 pertnt
264 2708 281 2725 .

146 2761 428 2820 Ioannem
446 2758 673 2824 bimum
692 2784 941 2851 puerum
963 2758 1202 2828 dextero
1217 2765 1279 2826 in
1303 2786 1460 2850 genu
1480 2761 1649 2827 foedo

53 2849 400 2934 apostemate
413 2852 777 2924 laborantem
794 2853 1053 2938 adhibite
1067 2855 1251 2924 fasciae
1267 2855 1477 2923 eadem
1496 2852 1647 2942 aqua

1018 2959 1061 3013 P
1432 2970 1555 3012 ma-
