2180 3220
537 90 624 151 68

438 174 998 290 imperfectissimam
1038 173 1383 264 reputabat3
1415 197 1668 265 nempe
1661 174 1919 247 lc’mffltas
1969 175 2044 240 il.

438 273 543 338 lius
563 279 672 338 iam
693 270 929 344 omnibus
943 292 1065 336 nota
1084 268 1170 359 ,ſs
1193 268 1410 334 tantum
1431 267 1644 338 latebat.

531 366 763 434 caelesti
776 367 1038 456 quodam
1059 366 1284 430 lumine
1300 366 1564 442 imbuta,
1589 366 1921 431 animarum
1941 364 2043 431 sta-

437 479 572 527 tum
595 504 616 537 ,
640 464 958 527 &intimos
975 456 1250 548 cuiusque
1266 457 1458 524 sensus
1477 459 1802 549 penetrabat
1834 457 2043 546 :aptis-

438 553 584 621 {ima
616 554 863 643 proinde
901 552 1154 619 remedia
1187 556 1514 620 animarum
1551 552 1930 659 languoribus
1946 573 2045 639 ap-

439 645 682 737 plicabat
701 690 723 723 ,
748 668 812 713 ut
830 647 925 712 vel
939 666 1076 713 vitia
1099 644 1393 735 abigeret,
1418 648 1510 713 vel
1534 649 1776 713 virtutes
1797 645 2038 709 induce-
2137 724 2142 730 ,

441 762 558 805 ret
609 746 809 820 Quare
825 729 1043 805 nedum
1065 739 1442 829 Tyrunculas
1465 737 1589 804 suas
1612 783 1630 816 ‚
1647 737 1746 803 sed
1772 738 1905 800 alias
1923 738 2043 824 ple·

441 834 648 921 rasque
671 832 1087 898 tentationibus
1101 853 1329 898 vexatas
1349 875 1367 906 ,
1388 838 1507 914 ejus
1529 830 1835 895 directioni
1882 836 2048 893 Con·
2103 890 2111 899 ,

439 924 644 990 sellarii
686 911 1108 1001 subiiciebant3
1141 945 1285 1011 quas
1319 924 1439 1012 ipsa
1468 924 1540 988 acl
1579 923 1822 988 solidam
1840 923 2049 985 animae

440 1019 701 1105 quietem
715 1017 979 1082 trahebat
997 1060 1017 1093 ,
1038 1029 1096 1087 δε
1113 1016 1218 1082 sual
1246 1041 1371 1082 non
1412 1015 1608 1080 fucata
1649 1016 2006 1102 benignitate
2025 1059 2047 1092 ,

441 1109 565 1197 qud
590 1112 715 1174 illas
736 1110 1023 1175 erudiebat
1043 1153 1064 1187 ,
1085 1110 1381 1175 interdum
1404 1108 1690 1174 solabatur
1709 1131 1723 1169 ε
1742 1106 1835 1172 vel
1873 1107 2003 1169 zelo
2022 1148 2043 1180 ,

440 1225 571 1306 quo
588 1223 863 1268 timorem
877 1204 1192 1268 incutiebat
1219 1245 1239 1277 ,
1261 1197 1661 1266 inobedientes
1685 1199 2048 1307 corripiebat,

442 1305 502 1360 δέ
520 1297 654 1359 vitia
669 1295 1157 1400 persequebatur.
1191 1293 1770 1383 Quemadmodum
1754 1295 1930 1379 igitur
1952 1290 2046 1354 so-

439 1386 503 1451 lo
521 1386 707 1452 verbo
730 1389 1054 1451 animarum
1075 1389 1537 1473 perturbationes
1561 1389 1837 1473 pacabat,
1855 1387 1931 1447 ita
1956 1382 2050 1450 so-

438 1478 501 1542 lo
521 1498 667 1543 nutu
688 1482 1063 1565 pervicaciam
1096 1481 1526 1551 contundebat,
1573 1501 1872 1564 nunquam
1906 1476 2049 1541 vero

439 1571 576 1635 alias
597 1572 932 1657 increpabat
955 1571 1094 1645 ,nisi
1122 1573 1273 1658 prius
1306 1570 1777 1635 considerationis
1803 1570 2043 1637 oculum

440 1666 505 1733 in
523 1661 579 1728 se
600 1664 960 1750 retorqueret
979 1705 997 1736 ,
1015 1667 1207 1749 culpas
1236 1667 1482 1739 timens,
1525 1663 1740 1750 quibus
1777 1664 2002 1726 carebat
2025 1684 2043 1724 ε

446 1756 569 1821 haec
586 1758 742 1819 enim
756 1756 1069 1820 humilium
1097 1757 1373 1841 perfectio
1392 1756 1503 1829 est,
1528 1757 1641 1817 illic
1664 1757 1868 1844 culpam
1903 1764 2050 1818 time-

447 1874 534 1922 re,
556 1848 653 1911 ubi
669 1872 770 1909 non
792 1850 887 1912 eff.
937 1849 1395 1913 Confortabatur
1415 1869 1611 1913 tamen
1637 1849 1940 1937 saepiffime
1964 1872 2049 1912 re-

448 1963 650 2030 petens
681 1983 699 2017 ,
717 1964 822 2003 non
844 1939 1027 2005 habere
1043 1949 1218 2005 Deum
1235 1941 1424 2005 obicem
1444 1985 1463 2017 ‚
1483 1942 1737 2030 quemfibi
1751 1952 1881 2007 irato
1892 1940 2050 2028 pefffit

454 2052 735 2122 opponere,
762 2060 823 2097 ne
823 2045 1000 2126 sontes
1017 2044 1218 2098 animas
1236 2034 1475 2099 dimittat
1490 2043 1760 2122 impunes:
1798 2048 1855 2100 Sc
1890 2035 2052 2103 Reli-‚-

441 2127 615 2215 gicfizs
644 2139 806 2197 teneti
830 2126 1135 2216 plurimdm
1161 2125 1429 2192 afferebat
1451 2169 1470 2203 ,
1509 2150 1620 2189 tam
1628 2150 1726 2216 pro
1725 2129 1863 2216 stad,
1885 2127 2048 2217 quam

443 2239 540 2304 pro
557 2223 780 2286 aliorum
773 2222 959 2310 stilute
957 2221 1241 2311 ftrventes
1255 2217 1326 2284 ad
1344 2229 1521 2285 Deum
1539 2244 1711 2309 preces
1730 2220 2009 2309 effundere
2025 2266 2042 2284 .

549 2315 834 2401 Qotidie
853 2322 1117 2381 Sanctam
1146 2315 1468 2381 Ecclefiam:
1498 2321 1636 2378 Deo
1672 2315 2046 2380 commenda·

456 2412 554 2473 bat
573 2433 591 2483 3
614 2421 672 2474 δε
691 2411 1166 2475 Sanfflmoniales
1186 2406 1578 2496 redarguebat,
1599 2431 1726 2495 quae
1740 2407 1893 2471 diem
1913 2430 2044 2494 prae-

454 2504 623 2566 terire
652 2499 930 2577 sinerent,
957 2524 1078 2567 non
1097 2497 1286 2564 effufis
1325 2523 1432 2586 pro
1457 2501 1706 2564 Ecclefia
1745 2502 2041 2587 precibus:

454 2592 660 2658 affueta
678 2592 862 2657 dicere
885 2635 906 2667 ,
924 2617 1145 2659 nomen
1161 2591 1380 2679 sponsae
1402 2592 1610 2657 Christi
1640 2616 1764 2656 non
1799 2597 2040 2671 mereri,

455 2710 586 2775 quae
614 2686 1064 2761 Ecclefiam,Dei
1088 2684 1388 2774 Sponsam,
1411 2683 1694 2751 Maiestati
1714 2689 1948 2752 Divinae
1967 2687 2049 2752 se-

454 2778 593 2844 dulo
609 2801 731 2843 non
756 2780 1195 2845 commendaret
1217 2824 1238 2841 .,
1262 2840 1265 2842 ,
1305 2833 1307 2835 .

550 2874 1038 2964 Conquerebatur
1053 2870 1512 2960 praeterea,flebat
1529 2873 1732 2940 amaris
1753 2876 2042 2964 lacrymis,

1798 2968 1961 3057 quod
