2180 3220
1520 96 1603 164 65

101 174 311 243 divino
341 192 542 237 amore
563 166 834 234 inebriata
853 207 875 241 ,
892 163 1192 234 interduin
1213 191 1284 233 co
1299 172 1502 241 vultus
1528 177 1707 242 rubo-

101 265 683 340 reinflammabatur,
710 278 778 324 ut
799 257 942 326 rosae
962 258 1216 349 speciem
1244 265 1478 332 referret
1497 310 1517 343 ,
1549 271 1709 337 oculi

100 361 272 427 instar
301 358 589 451 syderum
601 352 893 444 fulgerent
907 395 929 430 ,
950 364 1021 420 ὃς
1035 372 1164 421 tota
1183 359 1330 446 quid
1353 361 1710 449 Angelicum

99 454 434 521 exhiberet
488 482 493 488 ·
877 497 880 500 ,
1320 490 1328 497 ι

194 552 382 612 Anno
395 488 709 609 millefimo
721 516 1197 632 quingentesimo
1217 506 1584 635 o&ogefimo
1595 565 1709 618 ter-¹

103 642 188 707 tio
205 681 226 714 ‚
245 638 425 703 aetatis
444 633 860 705 sextodecimo,
877 634 1117 703 tandem
1136 661 1272 702 curn
1295 639 1567 730 lacrymis
1584 642 1708 712 Re·

99 733 330 820 ligionis
352 727 618 794 habitum
641 728 987 818 suscipiendi
1012 730 1332 796 facultate
1305 755 1339 795 a
1360 733 1705 799 Parentibus

97 822 405 913 impetrat&
426 866 446 898 ,
467 823 891 887 Monasterium
913 827 964 887 S.
989 825 1193 889 Mariae
1212 822 1283 888 de
1311 826 1559 913 Angelis
1583 833 1705 900 Ore

96 917 250 982 dinis
289 917 733 983 Carmelitarum
754 914 990 1003 ingreffa
1016 914 1092 978 est
1109 959 1128 992 ,
1150 939 1540 1004 nunquam]
1501 919 1540 983 s
1547 920 1605 983 b1
1619 919 1705 984 fe

93 1011 352 1075 liciorem
373 1008 532 1073 diem
553 1007 854 1097 contigisse
868 1006 1186 1074 affirmans:
1171 1032 1311 1097 ·qua
1283 1007 1400 1073 de
1416 1010 1582 1076 causa
1604 1035 1705 1099 pa-

94 1102 331 1168 rietibus
353 1101 695 1185 Monasterij
715 1100 905 1165 oscula'
927 1099 1137 1191 figebat
1151 1143 1172 1177 ,
1196 1097 1463 1192 quibus
1437 1127 1470 1166 a
1490 1103 1704 1169 secula-

91 1200 247 1260 rium
272 1218 465 1259 rerum
488 1196 852 1282 contagio-,Sc
874 1219 905 1257 a
931 1195 1200 1260 sensuum
1221 1196 1499 1260 illecebris
1525 1196 1584 1260 se
1601 1222 1701 1262 cu·-
1783 1267 1795 1280 ,

87 1288 449 1355 stodiendam
473 1287 579 1352 effe
600 1285 891 1375 sperabat.
933 1292 1021 1352 Ex
1064 1287 1134 1352 ea
1169 1286 1264 1352 die
1299 1310 1606 1376 nunquam
1627 1290 1701 1358 ad

85 1402 264 1447 crates
282 1379 492 1446 ferreas
518 1377 780 1445 accedere
797 1379 915 1444 visa
942 1379 1060 1445 est,
1089 1380 1194 1444 nisi
1206 1400 1496 1468 praecepto
1521 1388 1700 1471 Supe-

88 1478 255 1541 rioris
277 1480 507 1548 coacta,
533 1495 766 1536 memor
784 1470 1084 1536 Ambrosii
1115 1472 1381 1537 docentis
1406 1516 1428 1548 ,
1469 1475 1643 1563 Virgo
1676 1517 1700 1552 ‚

88 1593 200 1658 quae
223 1563 494 1656 Christum
511 1571 694 1654 quaerit
708 1606 728 1639 ,
750 1587 852 1627 non
868 1561 1016 1627 debet
1030 1565 1126 1651 ‘'ffi'
1147 1565 1522 1653 vussarissnon
1544 1592 1601 1630 m
1601 1566 1697 1657 fo-

85 1686 141 1723 νο
166 1708 185 1740 ,
206 1683 307 1722 non
320 1667 376 1721 in
383 1661 580 1744 platets
603 1681 620 1735 3
640 1679 804 1721 crates
823 1658 1164 1722 Monialium
1181 1660 1459 1746 inquiens
1463 1658 1656 1747 finum
1674 1702 1697 1738 ,

76 1755 285 1842 plateas
304 1753 429 1838 effi.
483 1751 708 1817 Oderat
743 1752 987 1838 proinde
1034 1753 1205 1816 etiam
1251 1771 1604 1838 parentum
1635 1767 1696 1821 &

89 1843 658 1953 consanguineorum
682 1847 977 1932 colloquia
997 1889 1016 1920 ,
1050 1842 1143 1909 sed
1177 1846 1436 1910 virorum
1462 1847 1694 1934 praeser·

85 1943 228 2006 tim.
242 1962 416 2028 gnara
437 1983 456 2015 ,
476 1934 621 2029 Ἰωδά
643 1937 725 2000 V
707 1961 936 2026 trgtnum
954 1939 1027 2002 ef!
1040 1935 1301 2026 trepidare
1324 1979 1345 2013 7
1361 1945 1477 2002 viri
1493 1942 1689 2029 ingres-

62 2035 167 2122 sus
177 2055 389 2121 pavere
408 2074 427 2107 ι,
453 2044 532 2101 (9⁴
551 2028 623 2096 ad
647 2055 818 2095 omnes
841 2038 958 2096 viri
979 2031 1186 2122 affatus
1213 2056 1413 2097 verert.
1433 2033 1692 2099 Eiidem-

86 2150 199 2212 que
237 2124 410 2211 opera
449 2125 645 2188 sedulo
689 2126 1038 2211 praecavebat
1061 2169 1080 2202 ,
1123 2150 1196 2191 ne
1219 2126 1484 2190 inanibus
1516 2131 1687 2215 nugis

83 2236 313 2304 ternpus
332 2218 470 2282 illud
495 2237 818 2283 contereret
838 2260 857 2292 ‚
882 2218 1073 2305 quod
1059 2243 1119 2282 ιιι
1143 2220 1351 2283 divinis
1376 2220 1685 2306 colloquiis

83 2308 539 2397 impendendum
564 2334 716 2376 erat
759 2308 955 2376 Sciens
979 2332 1176 2377 autem
1204 2313 1431 2376 cultum
1464 2311 1687 2396 justitiae

87 2403 191 2466 effe
214 2401 504 2466 filentiurn
531 2444 550 2478 ,
584 2405 735 2492 leges
763 2406 882 2489 ejus
902 2428 1206 2493 nunquam
1232 2406 1470 2469 violavit
1492 2446 1511 2478 ,
1550 2409 1685 2469 taci-

84 2497 375 2559 turnitatis
406 2495 596 2559 custos
614 2497 1181 2586 religiofiffima,ss1la
1209 2507 1265 2559 in
1278 2494 1637 2583 penetralibus
1665 2541 1685 2577 ,

85 2612 240 2678 quam
261 2612 402 2652 nemo
427 2597 673 2654 virorum
694 2589 925 2662 videret,
930 2593 1086 2676 solus
1107 2599 1366 2655 Dominus
1384 2600 1637 2678 reperiret.

183 2683 413 2770 Sepulto
431 2686 671 2771 propriae
693 2685 1012 2747 voluntatis
1032 2688 1289 2757 arbitrio,
1309 2702 1432 2747 tota
1455 2685 1483 2746 ὲ
1513 2689 1683 2772 Supe-

83 2779 305 2839 riorum
329 2795 472 2839 nutu
498 2776 778 2864 pendebat
797 2819 816 2850 ,
859 2775 1087 2840 summai
1116 2801 1255 2842 cum
1276 2774 1468 2841 laetitia
1496 2780 1679 2863 impe-

87 2890 200 2932 rata
222 2869 764 2959 exequebatunlicet
786 2869 879 2934 illa
897 2870 1187 2938 interdum
1204 2893 1337 2936 cum
1355 2870 1452 2933 sua
1469 2872 1679 2934 volun-

1004 2969 1030 3029 Ι
1468 2980 1582 3024 tate
