2320 3225
1597 109 1671 160 19

164 175 484 240 tur-animo
527 170 742 235 ferebat
765 170 1123 251 injuria3‚&
1163 194 1272 257 pro
1318 177 1770 259 persecutoribus

168 274 371 334 Deum
389 264 754 354 precabatur
776 268 975 337 Quam
1003 260 1142 327 veio
1163 267 1499 350 imponebat
1526 270 1643 333 aliis
1692 272 1765 334 le

167 384 337 450 gem,
357 357 824 442 &disciplinatm
848 359 1028 441 tnagis
1066 355 1181 443 ipse
1208 358 1470 443 poitabat
1503 360 1768 447 Legifer

166 466 228 520 Sc
246 450 548 540 Magister,
566 447 954 533 omnibusque
974 449 1206 534 praeibat
1252 452 1536 537 exemp103
1551 455 1763 538 quippe

167 549 228 610 in
256 541 543 610 vilioribus
565 539 884 604 ministeriis
906 539 1246 605 inserviebat
1271 544 1595 608 Fratribus:
1621 546 1762 608 dum

165 634 562 702 recumberent
591 633 970 707 ministrabat,
994 633 1228 698 sacius
1203 660 1232 697 e
1253 636 1628 700 recumbente
1657 641 1766 700 mi-

165 727 332 792 nister
353 768 372 802 ,
391 738 449 793 δε
470 728 572 814 qui
593 723 883 812 praecessor
905 745 1021 789 erat
1038 767 1055 799 ,
1075 726 1211 794 ficut
1234 728 1762 805 ministrator‚1³tre-

163 821 280 884 nue
303 822 548 907 implens
587 818 849 881 officium
871 816 968 879 fibi
994 818 1459 886 demandatum
1440 840 1765 919 tanquam

164 936 314 977 unus
335 935 401 975 ex
419 913 525 975 illis
545 953 564 984 2
587 908 709 974 imo
730 921 789 974 &
810 912 1082 974 omnium
1104 913 1428 976 minimus.

182 1054 187 1060 -
260 1010 419 1069 Cum
453 1001 673 1090 sibiipsi
695 1025 897 1088 parum
914 1002 1189 1089 proficere
1214 1005 1507 1070 videretur
1532 1046 1555 1077 s
1573 975 1642 1069 ad
1667 1027 1767 1068 an-

166 1100 403 1184 tiquum
431 1098 684 1182 rigorem
721 1094 1001 1159 familiam
1023 1095 1137 1160 suae
1159 1099 1560 1182 gubernationi
1601 1121 1764 1162 com-

169 1187 388 1252 miffam
411 1187 868 1265 reducendoffnifi
887 1190 1063 1251 etiam
1086 1191 1240 1253 illam
1263 1190 1419 1254 foetu
1443 1215 1611 1256 novae
1635 1213 1766 1276 pro-

166 1282 235 1345 lis
259 1278 626 1368 amplificaret
646 1319 666 1354 ,
685 1283 747 1342 in
775 1283 789 1342 i
797 1278 897 1369 psa
932 1286 986 1343 S.
1011 1281 1295 1345 Gabrielis
1323 1282 1633 1347 Provincia
1659 1301 1770 1346 tres

168 1384 522 1442 Conventus
542 1376 820 1444 extruxit,
843 1377 902 1435 in
938 1375 1151 1458 quibus
1191 1374 1354 1459 rigidi
1381 1376 1662 1461 propositi
1682 1375 1771 1438 di-

169 1465 467 1551 sciplinam
492 1466 659 1527 initio
678 1463 972 1528 induciam
997 1504 1017 1536 ,
1041 1464 1267 1528 illaesam
1292 1467 1600 1532 custodivit
1622 1511 1640 1527 .
1670 1467 1769 1531 Vi-

171 1559 252 1622 dit
271 1561 464 1643 itaque
488 1578 702 1641 paucos
722 1557 866 1617 intra
892 1555 1010 1618 dies
1026 1576 1381 1642 provocatos
1403 1581 1526 1621 non
1547 1581 1766 1646 paucos

171 1650 434 1735 exemplo
461 1647 561 1711 sui.
586 1651 669 1710 At
690 1647 943 1733 praestitis
970 1650 1211 1713 minime
1232 1669 1570 1725 contentus>
1592 1650 1662 1714 ad
1689 1652 1769 1714 al-

171 1746 317 1807 tiora
337 1739 607 1804 tendebat
625 1780 648 1813 ‚
677 1751 732 1804 ὃς
753 1744 802 1803 S.
824 1740 1105 1805 Francisci
1126 1741 1493 1827 perfetstionis
1523 1744 1770 1830 vestigiis

170 1835 450 1907 insistenS,
469 1830 583 1896 una
601 1856 735 1896 curn
754 1835 1110 1898 Fr.Martino
1131 1833 1161 1895 εὶ
1176 1834 1382 1899 Sancta
1407 1835 1621 1908 Mariti,
1635 1837 1770 1899 fun-

173 1928 327 1992 davit
346 1927 716 1991 Provinciam
743 1929 973 1993 Montis
1009 1925 1247 1997 Arabidi
1288 1930 1347 1990 in
1367 1934 1583 2017 Regno
1616 1928 1774 1991 Lusi-

176 2023 345 2085 taniae
361 2063 378 2078 .

269 2116 514 2177 Timens
537 2112 671 2178 vero
692 2155 712 2188 ,
738 2137 809 2177 ne
845 2114 1099 2178 filiorum
1137 2116 1279 2178 mira
1299 2114 1648 2190 foecunditas
1669 2156 1692 2187 a
1718 2125 1774 2178 δέ

179 2205 388 2269 Christi
407 2207 673 2272 Militum
697 2210 1030 2294 aggregatio
1054 2207 1284 2294 copiosa
1305 2250 1324 2281 ,
1347 2229 1444 2271 aut
1470 2207 1640 2271 suum
1680 2230 1775 2267 ex-

179 2298 404 2360 tolleret
425 2301 708 2373 animum,
732 2320 833 2363 aut
856 2301 998 2363 alios
1017 2300 1189 2387 pluris
1212 2299 1281 2362 de
1306 2302 1381 2374 se,
1404 2300 1582 2386 quarn
1607 2298 1769 2363 vide-

180 2389 349 2452 batur
375 2390 577 2476 inipso
598 2392 865 2456 aestimare
888 2412 1122 2479 cogeret
1143 2434 1162 2464 ³
1191 2391 1389 2456 deserti
1423 2394 1540 2455 loci
1575 2392 1773 2456 solitu-

182 2482 379 2544 dinem
400 2484 559 2568 petiit
578 2525 592 2540 .
614 2486 814 2570 Itaque
841 2486 1290 2571 impenetrabilia
1311 2487 1544 2550 Montis
1567 2485 1778 2547 Arabi-

179 2572 735 2662 dorum,desertique
752 2578 1020 2639 interiora
1037 2580 1334 2662 quaerenti,
1356 2580 1550 2665 specus
1577 2601 1775 2641 occur-

181 2669 253 2728 rit
269 2706 287 2737 ,
315 2667 410 2729 ubi
434 2666 741 2739 silentium,
764 2667 923 2754 quasi
941 2669 970 2730 a
991 2672 1130 2731 Deo
1145 2670 1431 2744 oblatum,
1460 2682 1518 2735 δέ
1545 2672 1773 2735 nullum

180 2758 411 2844 prorsus
447 2783 580 2822 cum
624 2760 966 2825 hominibus
1014 2764 1432 2827 commercium
1476 2765 1773 2848 amplexus

168 2851 286 2914 est.
312 2852 391 2917 lbi
413 2876 548 2918 cum
569 2853 767 2918 cibum
785 2853 1025 2929 sumere,
1051 2878 1120 2918 ne
1149 2879 1359 2945 corpus
1377 2856 1662 2925 deficeret,
1688 2855 1779 2919 vel

357 2980 359 2982 '
677 2968 686 2972 ’
1013 2955 1067 3013 C
1150 2973 1184 3012 2
1469 2948 1684 3010 somno
