2180 3220
210 2643 307 2702 'Resp

211 2710 301 2752 D·S

215 2779 277 2808 tar

534 124 660 184 302

432 198 594 286 prius
619 198 871 256 Summo
891 185 1171 256 Pontifici
1186 182 1482 276 profunda
1503 184 1703 274 capitis
1725 182 2058 304 inclinatiof

435 312 530 363 ne,
540 289 692 353 stetit
719 284 972 360 medius,
1000 282 1220 348 habens
1244 280 1379 345 hinc
1404 278 1543 344 inde
1565 277 1906 367 genuflexos
1923 278 2050 346 ala-¹

432 399 550 445 tere
576 379 797 444 sinistro
817 377 1327 444 Caeremoniarum
1349 372 1706 463 Magistrum
1729 412 1748 447 ‚
1782 371 1814 436 a
1838 373 2045 440 dextro
2132 379 2151 457 ἶῖ

432 474 743 538 Comitem
769 469 1170 536 Alexandrum
1210 469 1547 554 Caprariam
1571 466 1725 530 Sacri
1740 465 2048 533 Con-fisto-

429 569 500 630 rii
516 565 902 633 Advocatum
926 605 945 639 ,
968 559 1250 625 consueta
1272 559 1429 626 veste
1453 582 1587 624 cum
1609 559 1848 648 caputio
1879 558 2050 625 indu·
2114 567 2116 569 ’

428 677 561 724 tum
586 683 603 734 3
627 662 726 746 qui
755 661 842 722 uti
867 674 987 720 erat
1009 656 1351 744 genuflexus
1369 696 1388 731 2
1416 651 1739 722 Cardinalis
1776 653 2050 729 nomine3

428 750 461 814 ὁ.
491 751 609 814 Suri
631 753 958 825 Sarruitate,
980 769 1047 813 ut
1069 746 1336 817 eamdem
1360 747 1904 815 Canonizationem
1922 769 2049 838 per-

429 867 598 934 agere
620 845 958 935 dignaretur
979 884 999 921 ,
1024 842 1298 910 instanter
1316 840 1391 909 fic
1405 840 1716 933 postulavit
1734 885 1750 904 .

694 1034 895 1095 ΒΕΑ
921 1029 1076 1095 TIS
1102 1031 1343 1094 SIME
1407 1033 1791 1101 PATER·

543 1121 1092 1189 Reverendissimus
1144 1128 1220 1189 D
1246 1123 1576 1191 Cardinalis
1617 1122 2049 1216 Rospigliofius

217 1281 225 1289 ,
302 1220 336 1260 m·
364 1232 400 1287 ,a
432 1214 526 1282 hic
568 1214 851 1306 praeferas,
903 1218 1150 1281 nomine
1188 1221 1363 1282 Sacrae
1414 1215 1690 1284 Caesareae
1726 1218 2049 1304 Majestatis

316 1291 400 1324 mm
436 1309 727 1401 Leopoldi
750 1310 913 1374 elcesi
937 1312 1318 1398 Imperatoris
1340 1352 1359 1385 ‚
1387 1322 1445 1378 ὃς
1464 1310 1789 1398 Majestatis
1821 1313 2049 1378 Catho-
2132 1308 2159 1375 si

430 1404 552 1469 licae
572 1404 774 1468 Caroli
814 1403 1064 1470 Secundi
1088 1406 1274 1493 Regis
1301 1403 1755 1493 Hispaniarum,
1776 1403 2047 1471 instanter
2134 1403 2161 1447 ’ἶ

430 1500 579 1586 petit
598 1520 703 1586 per
728 1498 1098 1562 Sandtitatem
1120 1499 1386 1563 Vestram
1405 1499 1673 1586 catalogo
1698 1500 2049 1564 Sanctorum
2134 1499 2136 1502 ’

433 1592 695 1660 Domini
718 1587 897 1654 nostri
921 1593 1094 1657 IESV
1121 1592 1332 1656 Christi
1353 1590 1596 1656 adscribi
1622 1634 1642 1667 ,
1681 1602 1742 1659 δε
1760 1587 2053 1698 tanquam

433 1686 677 1749 SanCtos
698 1681 770 1749 ab
798 1683 1078 1749 omnibus
1111 1679 1376 1776 Chrysti
1381 1681 1649 1750 fidelibus
1673 1685 2053 1774 pronunciari
2146 1708 2156 1775 f

429 1774 801 1843 venerandos
840 1782 908 1840 B.
949 1777 1311 1846 PETRVM
1336 1777 1411 1843 de
1452 1778 1771 1843 Alcantara
1798 1774 2050 1844 Ordinis
2151 1820 2153 1857 3

431 1871 778 1943 Minorum,
799 1880 859 1935 &
894 1875 961 1934 B·
982 1871 1354 1940 MARIAM
1387 1871 2050 1944 MAGDALENAM
2150 1933 2159 1950 2

431 1960 507 2028 de
533 1964 741 2030 Pazzis
761 1961 1005 2029 Ordinis
1028 1965 1511 2031 Carmelitarum

521 2103 685 2164 HIS
734 2118 931 2162 autem
955 2099 1363 2163 Reverendiss.
1395 2106 1478 2163 D.
1516 2102 1850 2181 Franciscus
1886 2106 2052 2169 Ner«
2149 2145 2151 2149 ·

428 2190 567 2265 lius,
585 2188 904 2277 Archiepis
895 2210 1077 2273 copus
1095 2191 2052 2272 FlorentinuS,SanstiffimiD0N.

432 2283 783 2364 Secretarius
808 2281 878 2344 ab
895 2280 1167 2369 Epistolis
1190 2279 1262 2346 ad
1297 2285 1594 2371 Principes
1611 2326 1631 2359 a
1657 2283 1808 2352 stans
1843 2287 1908 2352 in
1927 2288 2057 2354 fini-

431 2376 550 2443 stro
569 2377 709 2443 Solii
732 2375 909 2441 latere
926 2416 946 2450 ‚
962 2374 1050 2440 his
1071 2377 1368 2466 conceptis
1395 2377 1585 2444 verbis
1605 2380 1686 2444 ita
1707 2378 2010 2470 respondit
2030 2423 2050 2446 .

529 2514 754 2581 Edoeta
779 2516 1196 2602 Redemptoris
1220 2515 1755 2592 admonitionibus,
1778 2538 1853 2579 ac
1858 2527 2053 2581 exem·
2137 2573 2139 2577 ,

328 2610 547 2700 „mplis
564 2606 810 2673 Ecclefia
832 2649 852 2686 ,
888 2608 1034 2674 nihil
1055 2608 1249 2673 arduis
1279 2608 1481 2701 praeser
1487 2631 1591 2676 tim
1622 2616 1685 2673 in
1710 2609 1919 2685 rebus,
1961 2610 2052 2672 in·
2049 2608 2055 2625 ’

300 2718 404 2807 ((Ιζ
364 2705 646 2809 “choat,
672 2701 1043 2791 prosequitur
1061 2745 1078 2779 7
1104 2702 1330 2793 perficit
1351 2747 1370 2781 2
1394 2703 1609 2795 absque
1624 2702 1816 2769 multa
1841 2748 1859 2781 ‚
1883 2713 1941 2768 &
1960 2701 2056 2786 ju·

438 2796 497 2884 gi
518 2797 743 2882 piarum
768 2799 1107 2861 orationum
1128 2798 1438 2863 Instantia.
1463 2795 2056 2901 Quapropter,etiam

437 2888 571 2979 post
590 2889 831 2957 toralias
851 2932 871 2966 ,
902 2887 1017 2976 qud
1033 2891 1175 2977 juris
1199 2891 1443 2955 humani
1487 2890 1815 2981 diligentias
1849 2890 2054 2977 exqui-⁴

1826 2981 1965 3057 sitifi,

2120 2632 2180 2796 i

2167 2802 2180 3175 ἒ
