<?xml version="1.0" encoding="UTF-8"?>
<!DOCTYPE html PUBLIC "-//W3C//DTD XHTML 1.0 Transitional//EN"
    "http://www.w3.org/TR/xhtml1/DTD/xhtml1-transitional.dtd">
<html xmlns="http://www.w3.org/1999/xhtml" xml:lang="en" lang="en">
 <head>
  <title>
</title>
<meta http-equiv="Content-Type" content="text/html;charset=utf-8" />
  <meta name='ocr-system' content='tesseract 3.04.00' />
  <meta name='ocr-capabilities' content='ocr_page ocr_carea ocr_par ocr_line ocrx_word'/>
</head>
<body>
  <div class='ocr_page' id='page_1' title='image "actacanonization00capp_0023.png"; bbox 0 0 2180 3220; ppageno 0'>
   <div class='ocr_carea' id='block_1_1' title="bbox 153 108 1764 262">
    <p class='ocr_par' dir='ltr' id='par_1_1' title="bbox 153 108 1764 262">
     <span class='ocr_line' id='line_1_1' title="bbox 1622 108 1664 161; baseline 0 0"><span class='ocrx_word' id='word_1_1' title='bbox 1622 108 1664 161; x_wconf 86' lang='lat'>9</span> 
     </span>
     <span class='ocr_line' id='line_1_2' title="bbox 153 168 1764 262; baseline -0.009 -14"><span class='ocrx_word' id='word_1_2' title='bbox 153 198 346 250; x_wconf 87' lang='lat' dir='ltr'><strong>rerum</strong></span> <span class='ocrx_word' id='word_1_3' title='bbox 367 194 438 238; x_wconf 89' lang='lat' dir='ltr'><strong>an</strong></span> <span class='ocrx_word' id='word_1_4' title='bbox 446 171 674 262; x_wconf 63' lang='lat' dir='ltr'><strong>gustus»,</strong></span> <span class='ocrx_word' id='word_1_5' title='bbox 690 171 848 235; x_wconf 84' lang='lat' dir='ltr'><strong>flexis</strong></span> <span class='ocrx_word' id='word_1_6' title='bbox 869 168 1043 234; x_wconf 88' lang='lat' dir='ltr'><strong>humi</strong></span> <span class='ocrx_word' id='word_1_7' title='bbox 1065 170 1338 260; x_wconf 76' lang='lat' dir='ltr'><strong>genibus,</strong></span> <span class='ocrx_word' id='word_1_8' title='bbox 1359 178 1391 235; x_wconf 71' lang='lat' dir='ltr'><strong>a</strong></span> <span class='ocrx_word' id='word_1_9' title='bbox 1420 179 1559 243; x_wconf 90' lang='lat' dir='ltr'><strong>Deo</strong></span> <span class='ocrx_word' id='word_1_10' title='bbox 1581 202 1764 245; x_wconf 64' lang='lat' dir='ltr'><strong>remec</strong></span> 
     </span>
    </p>
   </div>
   <div class='ocr_carea' id='block_1_2' title="bbox 155 262 1772 2774">
    <p class='ocr_par' dir='ltr' id='par_1_2' title="bbox 155 262 1772 2774">
     <span class='ocr_line' id='line_1_3' title="bbox 155 262 1763 354; baseline 0.002 -17"><span class='ocrx_word' id='word_1_11' title='bbox 155 275 320 342; x_wconf 88' lang='lat' dir='ltr'><strong>dium</strong></span> <span class='ocrx_word' id='word_1_12' title='bbox 341 266 693 354; x_wconf 83' lang='lat' dir='ltr'><strong>imploravit3</strong></span> <span class='ocrx_word' id='word_1_13' title='bbox 713 276 772 331; x_wconf 84' lang='lat'>&amp;</span> <span class='ocrx_word' id='word_1_14' title='bbox 788 285 918 328; x_wconf 91' lang='lat' dir='ltr'><strong>ecce</strong></span> <span class='ocrx_word' id='word_1_15' title='bbox 940 262 1008 329; x_wconf 88' lang='lat' dir='ltr'><strong>de</strong></span> <span class='ocrx_word' id='word_1_16' title='bbox 1036 268 1347 353; x_wconf 88' lang='lat' dir='ltr'><strong>repentein</strong></span> <span class='ocrx_word' id='word_1_17' title='bbox 1377 270 1630 339; x_wconf 83' lang='lat' dir='ltr'><strong>ulteriori</strong></span> <span class='ocrx_word' id='word_1_18' title='bbox 1655 274 1763 340; x_wconf 80' lang='lat' dir='ltr'><strong>flu-</strong></span> 
     </span>
     <span class='ocr_line' id='line_1_4' title="bbox 157 356 1763 451; baseline 0.001 -20"><span class='ocrx_word' id='word_1_19' title='bbox 157 369 242 434; x_wconf 89' lang='lat' dir='ltr'><strong>vii</strong></span> <span class='ocrx_word' id='word_1_20' title='bbox 261 360 382 451; x_wconf 62' lang='lat' dir='ltr'><strong>&#39;ripa</strong></span> <span class='ocrx_word' id='word_1_21' title='bbox 404 359 460 426; x_wconf 88' lang='lat' dir='ltr'><strong>se</strong></span> <span class='ocrx_word' id='word_1_22' title='bbox 478 356 941 447; x_wconf 48' lang='lat' dir='ltr'><strong>repeda-Divina</strong></span> <span class='ocrx_word' id='word_1_23' title='bbox 957 359 1172 423; x_wconf 86' lang='lat' dir='ltr'><strong>-virtute</strong></span> <span class='ocrx_word' id='word_1_24' title='bbox 1205 363 1437 448; x_wconf 84' lang='lat' dir='ltr'><strong>corpori</strong></span> <span class='ocrx_word' id='word_1_25' title='bbox 1462 364 1763 434; x_wconf 82' lang='lat' dir='ltr'><strong>levitatem</strong></span> 
     </span>
     <span class='ocr_line' id='line_1_5' title="bbox 159 451 1759 542; baseline -0.002 -14"><span class='ocrx_word' id='word_1_26' title='bbox 159 459 466 537; x_wconf 84' lang='lat' dir='ltr'>tribuente,</span> <span class='ocrx_word' id='word_1_27' title='bbox 495 451 761 540; x_wconf 75' lang='lat' dir='ltr'><strong>singulari</strong></span> <span class='ocrx_word' id='word_1_28' title='bbox 784 451 883 516; x_wconf 92' lang='lat' dir='ltr'><strong>illo</strong></span> <span class='ocrx_word' id='word_1_29' title='bbox 903 452 1230 542; x_wconf 85' lang='lat' dir='ltr'><strong>privilegi0‚</strong></span> <span class='ocrx_word' id='word_1_30' title='bbox 1249 451 1414 542; x_wconf 84' lang='lat' dir='ltr'><strong>quod</strong></span> <span class='ocrx_word' id='word_1_31' title='bbox 1434 458 1580 523; x_wconf 86' lang='lat' dir='ltr'><strong>olim</strong></span> <span class='ocrx_word' id='word_1_32' title='bbox 1595 463 1759 525; x_wconf 79' lang='lat' dir='ltr'><strong>Prin-</strong></span> 
     </span>
     <span class='ocr_line' id='line_1_6' title="bbox 163 543 1764 641; baseline 0 -24"><span class='ocrx_word' id='word_1_33' title='bbox 163 555 277 641; x_wconf 89' lang='lat' dir='ltr'><strong>cipi</strong></span> <span class='ocrx_word' id='word_1_34' title='bbox 306 545 729 635; x_wconf 86' lang='lat' dir='ltr'><strong>Apostolorum</strong></span> <span class='ocrx_word' id='word_1_35' title='bbox 771 543 1102 613; x_wconf 89' lang='lat' dir='ltr'><strong>concessum</strong></span> <span class='ocrx_word' id='word_1_36' title='bbox 1137 547 1285 613; x_wconf 84' lang='lat' dir='ltr'><strong>fuit:</strong></span> <span class='ocrx_word' id='word_1_37' title='bbox 1323 548 1528 616; x_wconf 62' lang='lat' dir='ltr'><strong>exinde</strong></span> <span class='ocrx_word' id='word_1_38' title='bbox 1567 551 1764 617; x_wconf 73' lang='lat' dir='ltr'><strong>adole«</strong></span> 
     </span>
     <span class='ocr_line' id='line_1_7' title="bbox 161 637 1764 735; baseline 0.004 -29"><span class='ocrx_word' id='word_1_39' title='bbox 161 645 322 712; x_wconf 90' lang='lat' dir='ltr'><strong>scens</strong></span> <span class='ocrx_word' id='word_1_40' title='bbox 342 641 465 726; x_wconf 84' lang='lat' dir='ltr'><strong>ejus</strong></span> <span class='ocrx_word' id='word_1_41' title='bbox 483 639 818 706; x_wconf 84' lang='lat' dir='ltr'><strong>admiranda</strong></span> <span class='ocrx_word' id='word_1_42' title='bbox 835 637 1110 706; x_wconf 74' lang='lat' dir='ltr'><strong>assecutus</strong></span> <span class='ocrx_word' id='word_1_43' title='bbox 1143 642 1310 727; x_wconf 85' lang='lat' dir='ltr'><strong>cujus</strong></span> <span class='ocrx_word' id='word_1_44' title='bbox 1343 647 1588 711; x_wconf 88' lang='lat' dir='ltr'><strong>nornine</strong></span> <span class='ocrx_word' id='word_1_45' title='bbox 1634 648 1764 735; x_wconf 74' lang='lat' dir='ltr'><strong>glo-</strong></span> 
     </span>
     <span class='ocr_line' id='line_1_8' title="bbox 162 735 1762 823; baseline 0.003 -22"><span class='ocrx_word' id='word_1_46' title='bbox 162 735 679 809; x_wconf 80' lang='lat' dir='ltr'><strong>riabatur‚Divinae</strong></span> <span class='ocrx_word' id='word_1_47' title='bbox 695 736 1023 800; x_wconf 85' lang='lat' dir='ltr'><strong>vocationis</strong></span> <span class='ocrx_word' id='word_1_48' title='bbox 1042 755 1452 823; x_wconf 81' lang='lat' dir='ltr'>argumentum</span> <span class='ocrx_word' id='word_1_49' title='bbox 1475 739 1658 804; x_wconf 73' lang='lat' dir='ltr'><strong>hausit</strong></span> <span class='ocrx_word' id='word_1_50' title='bbox 1677 744 1762 804; x_wconf 88' lang='lat' dir='ltr'><strong>in—</strong></span> 
     </span>
     <span class='ocr_line' id='line_1_9' title="bbox 163 827 1766 917; baseline 0.003 -23"><span class='ocrx_word' id='word_1_51' title='bbox 163 829 324 917; x_wconf 84' lang='lat' dir='ltr'><strong>figne</strong></span> <span class='ocrx_word' id='word_1_52' title='bbox 342 871 360 888; x_wconf 88' lang='lat'><strong>.</strong></span> <span class='ocrx_word' id='word_1_53' title='bbox 399 835 600 904; x_wconf 84' lang='lat' dir='ltr'><strong>Quare</strong></span> <span class='ocrx_word' id='word_1_54' title='bbox 619 827 688 891; x_wconf 91' lang='lat' dir='ltr'><strong>ad</strong></span> <span class='ocrx_word' id='word_1_55' title='bbox 710 827 1080 892; x_wconf 81' lang='lat' dir='ltr'><strong>Coenobium</strong></span> <span class='ocrx_word' id='word_1_56' title='bbox 1120 830 1373 893; x_wconf 84' lang='lat' dir='ltr'><strong>celeriter</strong></span> <span class='ocrx_word' id='word_1_57' title='bbox 1394 835 1652 917; x_wconf 88' lang='lat' dir='ltr'><strong>pervenit</strong></span> <span class='ocrx_word' id='word_1_58' title='bbox 1667 876 1684 908; x_wconf 86' lang='lat'>,</span> <span class='ocrx_word' id='word_1_59' title='bbox 1705 847 1766 900; x_wconf 69' lang='grc' dir='ltr'><strong>δε</strong></span> 
     </span>
     <span class='ocr_line' id='line_1_10' title="bbox 167 911 1764 1011; baseline 0.003 -25"><span class='ocrx_word' id='word_1_60' title='bbox 167 911 460 989; x_wconf 60' lang='grc' dir='ltr'><strong>(Συίῖοάἰε</strong></span> <span class='ocrx_word' id='word_1_61' title='bbox 482 920 862 986; x_wconf 81' lang='lat' dir='ltr'><strong>Franciscanae</strong></span> <span class='ocrx_word' id='word_1_62' title='bbox 884 919 1114 986; x_wconf 85' lang='lat' dir='ltr'><strong>Praesuli</strong></span> <span class='ocrx_word' id='word_1_63' title='bbox 1132 961 1153 994; x_wconf 85' lang='lat'><strong>‚</strong></span> <span class='ocrx_word' id='word_1_64' title='bbox 1176 921 1248 986; x_wconf 87' lang='lat' dir='ltr'><strong>ad</strong></span> <span class='ocrx_word' id='word_1_65' title='bbox 1272 922 1392 1004; x_wconf 87' lang='lat' dir='ltr'><strong>ejus</strong></span> <span class='ocrx_word' id='word_1_66' title='bbox 1415 925 1585 1011; x_wconf 87' lang='lat' dir='ltr'><strong>pedes</strong></span> <span class='ocrx_word' id='word_1_67' title='bbox 1609 926 1764 1009; x_wconf 79' lang='lat' dir='ltr'><strong>abje-</strong></span> 
     </span>
     <span class='ocr_line' id='line_1_11' title="bbox 166 1012 1766 1085; baseline 0.004 -7"><span class='ocrx_word' id='word_1_68' title='bbox 166 1021 292 1079; x_wconf 64' lang='lat' dir='ltr'><strong>ctus</strong></span> <span class='ocrx_word' id='word_1_69' title='bbox 318 1057 335 1080; x_wconf 87' lang='lat'>‚</span> <span class='ocrx_word' id='word_1_70' title='bbox 358 1014 576 1077; x_wconf 87' lang='lat' dir='ltr'><strong>humile</strong></span> <span class='ocrx_word' id='word_1_71' title='bbox 595 1012 784 1079; x_wconf 87' lang='lat' dir='ltr'><strong>cordis</strong></span> <span class='ocrx_word' id='word_1_72' title='bbox 807 1014 891 1080; x_wconf 89' lang='lat' dir='ltr'><strong>sui</strong></span> <span class='ocrx_word' id='word_1_73' title='bbox 912 1013 1251 1079; x_wconf 84' lang='lat' dir='ltr'><strong>defiderium</strong></span> <span class='ocrx_word' id='word_1_74' title='bbox 1268 1016 1541 1083; x_wconf 85' lang='lat' dir='ltr'><strong>indicavit</strong></span> <span class='ocrx_word' id='word_1_75' title='bbox 1558 1063 1575 1083; x_wconf 87' lang='grc'><strong>.</strong></span> <span class='ocrx_word' id='word_1_76' title='bbox 1613 1025 1766 1085; x_wconf 83' lang='lat' dir='ltr'><strong>Prae-</strong></span> 
     </span>
     <span class='ocr_line' id='line_1_12' title="bbox 170 1109 1763 1191; baseline 0.003 -20"><span class='ocrx_word' id='word_1_77' title='bbox 170 1125 289 1171; x_wconf 89' lang='lat' dir='ltr'><strong>erat</strong></span> <span class='ocrx_word' id='word_1_78' title='bbox 312 1127 453 1172; x_wconf 89' lang='lat' dir='ltr'><strong>tunc</strong></span> <span class='ocrx_word' id='word_1_79' title='bbox 473 1110 824 1173; x_wconf 87' lang='lat' dir='ltr'><strong>Conventui</strong></span> <span class='ocrx_word' id='word_1_80' title='bbox 850 1112 939 1171; x_wconf 86' lang='lat' dir='ltr'><strong>Fr.</strong></span> <span class='ocrx_word' id='word_1_81' title='bbox 958 1109 1215 1173; x_wconf 72' lang='lat' dir='ltr'><strong>Michael</strong></span> <span class='ocrx_word' id='word_1_82' title='bbox 1235 1109 1502 1191; x_wconf 80' lang='lat' dir='ltr'><strong>Rochus,</strong></span> <span class='ocrx_word' id='word_1_83' title='bbox 1524 1115 1612 1176; x_wconf 89' lang='lat' dir='ltr'><strong>vir</strong></span> <span class='ocrx_word' id='word_1_84' title='bbox 1634 1135 1763 1178; x_wconf 73' lang='lat' dir='ltr'><strong>mo=</strong></span> 
     </span>
     <span class='ocr_line' id='line_1_13' title="bbox 165 1198 1768 1290; baseline 0.003 -24"><span class='ocrx_word' id='word_1_85' title='bbox 165 1198 322 1266; x_wconf 86' lang='lat' dir='ltr'><strong>ribus</strong></span> <span class='ocrx_word' id='word_1_86' title='bbox 346 1199 742 1265; x_wconf 84' lang='lat' dir='ltr'><strong>laudatiffimis</strong></span> <span class='ocrx_word' id='word_1_87' title='bbox 759 1242 779 1274; x_wconf 83' lang='lat'>,</span> <span class='ocrx_word' id='word_1_88' title='bbox 797 1203 901 1290; x_wconf 87' lang='lat' dir='ltr'><strong>qui</strong></span> <span class='ocrx_word' id='word_1_89' title='bbox 924 1201 961 1263; x_wconf 92' lang='lat' dir='ltr'><strong>s</strong></span> <span class='ocrx_word' id='word_1_90' title='bbox 953 1203 1279 1289; x_wconf 82' lang='lat' dir='ltr'><strong>acrilegium</strong></span> <span class='ocrx_word' id='word_1_91' title='bbox 1296 1222 1506 1290; x_wconf 81' lang='lat' dir='ltr'><strong>putans</strong></span> <span class='ocrx_word' id='word_1_92' title='bbox 1524 1210 1768 1272; x_wconf 86' lang='lat' dir='ltr'><strong>Petrum</strong></span> 
     </span>
     <span class='ocr_line' id='line_1_14' title="bbox 163 1292 1770 1381; baseline 0.004 -24"><span class='ocrx_word' id='word_1_93' title='bbox 163 1292 396 1377; x_wconf 82' lang='lat' dir='ltr'><strong>rejicere</strong></span> <span class='ocrx_word' id='word_1_94' title='bbox 419 1294 856 1381; x_wconf 79' lang='lat' dir='ltr'><strong>supplicantem,</strong></span> <span class='ocrx_word' id='word_1_95' title='bbox 880 1319 1014 1359; x_wconf 84' lang='lat' dir='ltr'><strong>eum</strong></span> <span class='ocrx_word' id='word_1_96' title='bbox 1034 1298 1179 1358; x_wconf 88' lang='lat' dir='ltr'><strong>inter</strong></span> <span class='ocrx_word' id='word_1_97' title='bbox 1200 1297 1332 1359; x_wconf 87' lang='lat' dir='ltr'><strong>suos</strong></span> <span class='ocrx_word' id='word_1_98' title='bbox 1355 1295 1770 1364; x_wconf 61' lang='lat' dir='ltr'><strong>humaniffime</strong></span> 
     </span>
     <span class='ocr_line' id='line_1_15' title="bbox 165 1384 1771 1477; baseline 0.002 -25"><span class='ocrx_word' id='word_1_99' title='bbox 165 1384 414 1452; x_wconf 83' lang='lat' dir='ltr'><strong>admifit.</strong></span> <span class='ocrx_word' id='word_1_100' title='bbox 441 1387 545 1452; x_wconf 90' lang='lat' dir='ltr'><strong>Ille</strong></span> <span class='ocrx_word' id='word_1_101' title='bbox 569 1385 801 1452; x_wconf 84' lang='lat' dir='ltr'><strong>seculari</strong></span> <span class='ocrx_word' id='word_1_102' title='bbox 826 1389 1014 1452; x_wconf 84' lang='lat' dir='ltr'><strong>statim</strong></span> <span class='ocrx_word' id='word_1_103' title='bbox 1037 1389 1236 1453; x_wconf 83' lang='lat' dir='ltr'><strong>habitu</strong></span> <span class='ocrx_word' id='word_1_104' title='bbox 1257 1389 1289 1451; x_wconf 77' lang='grc' dir='ltr'><strong>εὶ</strong></span> <span class='ocrx_word' id='word_1_105' title='bbox 1315 1389 1368 1451; x_wconf 89' lang='lat' dir='ltr'><strong>se</strong></span> <span class='ocrx_word' id='word_1_106' title='bbox 1392 1392 1594 1477; x_wconf 90' lang='lat' dir='ltr'><strong>procul</strong></span> <span class='ocrx_word' id='word_1_107' title='bbox 1617 1391 1771 1476; x_wconf 78' lang='lat' dir='ltr'><strong>abje-</strong></span> 
     </span>
     <span class='ocr_line' id='line_1_16' title="bbox 167 1479 1771 1571; baseline 0.001 -25"><span class='ocrx_word' id='word_1_108' title='bbox 167 1486 287 1554; x_wconf 70' lang='grc' dir='ltr'><strong>ἃο,</strong></span> <span class='ocrx_word' id='word_1_109' title='bbox 302 1480 541 1554; x_wconf 79' lang='lat' dir='ltr'><strong>humile,</strong></span> <span class='ocrx_word' id='word_1_110' title='bbox 559 1490 618 1546; x_wconf 72' lang='grc' dir='ltr'><strong>δε</strong></span> <span class='ocrx_word' id='word_1_111' title='bbox 636 1479 900 1568; x_wconf 87' lang='lat' dir='ltr'><strong>asperum</strong></span> <span class='ocrx_word' id='word_1_112' title='bbox 923 1480 1152 1544; x_wconf 82' lang='lat' dir='ltr'><strong>saccum</strong></span> <span class='ocrx_word' id='word_1_113' title='bbox 1175 1481 1386 1555; x_wconf 86' lang='lat' dir='ltr'><strong>induit,</strong></span> <span class='ocrx_word' id='word_1_114' title='bbox 1403 1494 1462 1547; x_wconf 61' lang='grc' dir='ltr'><strong>ὃ(</strong></span> <span class='ocrx_word' id='word_1_115' title='bbox 1481 1482 1642 1571; x_wconf 86' lang='lat' dir='ltr'><strong>quafi</strong></span> <span class='ocrx_word' id='word_1_116' title='bbox 1668 1486 1771 1551; x_wconf 43' lang='lat' dir='ltr'><strong>ve&amp;</strong></span> 
     </span>
     <span class='ocr_line' id='line_1_17' title="bbox 166 1570 1772 1666; baseline 0.003 -28"><span class='ocrx_word' id='word_1_117' title='bbox 166 1593 388 1639; x_wconf 84' lang='lat' dir='ltr'><strong>reretur</strong></span> <span class='ocrx_word' id='word_1_118' title='bbox 403 1573 568 1640; x_wconf 84' lang='lat' dir='ltr'><strong>illum</strong></span> <span class='ocrx_word' id='word_1_119' title='bbox 599 1570 940 1659; x_wconf 70' lang='lat' dir='ltr'><strong>deperdere,</strong></span> <span class='ocrx_word' id='word_1_120' title='bbox 963 1572 1230 1638; x_wconf 86' lang='lat' dir='ltr'><strong>funiculo</strong></span> <span class='ocrx_word' id='word_1_121' title='bbox 1254 1574 1523 1642; x_wconf 85' lang='lat' dir='ltr'><strong>medium</strong></span> <span class='ocrx_word' id='word_1_122' title='bbox 1537 1581 1772 1666; x_wconf 74' lang='lat' dir='ltr'><strong>corpori</strong></span> 
     </span>
     <span class='ocr_line' id='line_1_18' title="bbox 165 1663 1770 1754; baseline 0.002 -21"><span class='ocrx_word' id='word_1_123' title='bbox 165 1664 458 1733; x_wconf 86' lang='lat' dir='ltr'><strong>adstrinxit</strong></span> <span class='ocrx_word' id='word_1_124' title='bbox 492 1663 802 1732; x_wconf 63' lang='lat' dir='ltr'><strong>arfflffim&amp;</strong></span> <span class='ocrx_word' id='word_1_125' title='bbox 828 1710 844 1726; x_wconf 90' lang='lat'><strong>.</strong></span> <span class='ocrx_word' id='word_1_126' title='bbox 891 1672 1058 1731; x_wconf 88' lang='lat' dir='ltr'><strong>Deus</strong></span> <span class='ocrx_word' id='word_1_127' title='bbox 1078 1685 1272 1732; x_wconf 83' lang='lat' dir='ltr'><strong>autem</strong></span> <span class='ocrx_word' id='word_1_128' title='bbox 1295 1671 1770 1754; x_wconf 83' lang='lat' dir='ltr'><strong>praecinxitillum</strong></span> 
     </span>
     <span class='ocr_line' id='line_1_19' title="bbox 166 1758 1769 1847; baseline 0.004 -24"><span class='ocrx_word' id='word_1_129' title='bbox 166 1758 408 1839; x_wconf 79' lang='lat' dir='ltr'><strong>virtute,</strong></span> <span class='ocrx_word' id='word_1_130' title='bbox 427 1770 485 1826; x_wconf 87' lang='lat'>&amp;</span> <span class='ocrx_word' id='word_1_131' title='bbox 503 1758 698 1847; x_wconf 87' lang='lat' dir='ltr'><strong>posuit</strong></span> <span class='ocrx_word' id='word_1_132' title='bbox 714 1759 1151 1825; x_wconf 86' lang='lat' dir='ltr'><strong>immaculatam</strong></span> <span class='ocrx_word' id='word_1_133' title='bbox 1172 1762 1331 1826; x_wconf 85' lang='lat' dir='ltr'><strong>viam</strong></span> <span class='ocrx_word' id='word_1_134' title='bbox 1360 1762 1482 1847; x_wconf 80' lang='lat' dir='ltr'><strong>ejus</strong></span> <span class='ocrx_word' id='word_1_135' title='bbox 1507 1807 1522 1825; x_wconf 90' lang='lat'><strong>.</strong></span> <span class='ocrx_word' id='word_1_136' title='bbox 1550 1769 1769 1830; x_wconf 86' lang='lat' dir='ltr'><strong>Poten-</strong></span> 
     </span>
     <span class='ocr_line' id='line_1_20' title="bbox 168 1851 1769 1943; baseline 0.004 -26"><span class='ocrx_word' id='word_1_137' title='bbox 168 1851 324 1918; x_wconf 86' lang='lat' dir='ltr'><strong>tibus</strong></span> <span class='ocrx_word' id='word_1_138' title='bbox 349 1855 508 1918; x_wconf 89' lang='lat' dir='ltr'><strong>enim</strong></span> <span class='ocrx_word' id='word_1_139' title='bbox 533 1854 654 1915; x_wconf 92' lang='lat' dir='ltr'><strong>Dei</strong></span> <span class='ocrx_word' id='word_1_140' title='bbox 674 1856 849 1917; x_wconf 89' lang='lat' dir='ltr'><strong>armis</strong></span> <span class='ocrx_word' id='word_1_141' title='bbox 867 1854 1125 1918; x_wconf 89' lang='lat' dir='ltr'><strong>munitus</strong></span> <span class='ocrx_word' id='word_1_142' title='bbox 1143 1897 1161 1929; x_wconf 74' lang='lat'><strong>‚</strong></span> <span class='ocrx_word' id='word_1_143' title='bbox 1182 1877 1511 1943; x_wconf 87' lang='lat' dir='ltr'><strong>paupertate</strong></span> <span class='ocrx_word' id='word_1_144' title='bbox 1533 1906 1551 1938; x_wconf 79' lang='lat'>‚</span> <span class='ocrx_word' id='word_1_145' title='bbox 1576 1857 1769 1924; x_wconf 87' lang='lat' dir='ltr'><strong>humi-</strong></span> 
     </span>
     <span class='ocr_line' id='line_1_21' title="bbox 170 1944 1768 2036; baseline 0.004 -26"><span class='ocrx_word' id='word_1_146' title='bbox 170 1946 332 2010; x_wconf 88' lang='lat' dir='ltr'><strong>litate</strong></span> <span class='ocrx_word' id='word_1_147' title='bbox 352 1989 372 2021; x_wconf 83' lang='lat'>‚</span> <span class='ocrx_word' id='word_1_148' title='bbox 406 1944 680 2035; x_wconf 83' lang='lat' dir='ltr'><strong>religiosae</strong></span> <span class='ocrx_word' id='word_1_149' title='bbox 700 1945 1008 2034; x_wconf 81' lang='lat' dir='ltr'><strong>disciplinae</strong></span> <span class='ocrx_word' id='word_1_150' title='bbox 1044 1949 1271 2036; x_wconf 79' lang='lat' dir='ltr'><strong>rigore,</strong></span> <span class='ocrx_word' id='word_1_151' title='bbox 1305 1949 1427 2015; x_wconf 54' lang='lat' dir='ltr'><strong>rar&amp;</strong></span> <span class='ocrx_word' id='word_1_152' title='bbox 1458 1952 1768 2017; x_wconf 88' lang='lat' dir='ltr'><strong>oculorum</strong></span> 
     </span>
     <span class='ocr_line' id='line_1_22' title="bbox 171 2037 1769 2114; baseline 0.005 -11"><span class='ocrx_word' id='word_1_153' title='bbox 171 2037 452 2105; x_wconf 60' lang='lat' dir='ltr'><strong>modestia</strong></span> <span class='ocrx_word' id='word_1_154' title='bbox 469 2082 488 2114; x_wconf 76' lang='lat'>,</span> <span class='ocrx_word' id='word_1_155' title='bbox 531 2050 592 2105; x_wconf 73' lang='grc' dir='ltr'><strong>δε</strong></span> <span class='ocrx_word' id='word_1_156' title='bbox 627 2043 919 2105; x_wconf 91' lang='lat' dir='ltr'><strong>continuo</strong></span> <span class='ocrx_word' id='word_1_157' title='bbox 955 2043 1231 2105; x_wconf 88' lang='lat' dir='ltr'><strong>orationis</strong></span> <span class='ocrx_word' id='word_1_158' title='bbox 1265 2042 1451 2108; x_wconf 86' lang='lat' dir='ltr'><strong>studio</strong></span> <span class='ocrx_word' id='word_1_159' title='bbox 1480 2048 1769 2113; x_wconf 62' lang='lat' dir='ltr'><strong>accindius</strong></span> 
     </span>
     <span class='ocr_line' id='line_1_23' title="bbox 176 2132 1772 2223; baseline 0.004 -26"><span class='ocrx_word' id='word_1_160' title='bbox 176 2132 390 2197; x_wconf 86' lang='lat' dir='ltr'><strong>Christi</strong></span> <span class='ocrx_word' id='word_1_161' title='bbox 413 2152 550 2222; x_wconf 88' lang='lat' dir='ltr'><strong>tyro</strong></span> <span class='ocrx_word' id='word_1_162' title='bbox 566 2174 584 2206; x_wconf 79' lang='lat'>‚</span> <span class='ocrx_word' id='word_1_163' title='bbox 601 2132 827 2198; x_wconf 87' lang='lat' dir='ltr'><strong>sedebat</strong></span> <span class='ocrx_word' id='word_1_164' title='bbox 860 2135 1058 2198; x_wconf 82' lang='lat' dir='ltr'><strong>levans</strong></span> <span class='ocrx_word' id='word_1_165' title='bbox 1097 2135 1155 2199; x_wconf 90' lang='lat' dir='ltr'><strong>se</strong></span> <span class='ocrx_word' id='word_1_166' title='bbox 1197 2133 1362 2223; x_wconf 89' lang='lat' dir='ltr'><strong>supra</strong></span> <span class='ocrx_word' id='word_1_167' title='bbox 1399 2136 1457 2201; x_wconf 87' lang='lat' dir='ltr'><strong>se</strong></span> <span class='ocrx_word' id='word_1_168' title='bbox 1472 2179 1492 2212; x_wconf 63' lang='lat'><strong>³</strong></span> <span class='ocrx_word' id='word_1_169' title='bbox 1512 2139 1772 2204; x_wconf 85' lang='lat' dir='ltr'><strong>humana</strong></span> 
     </span>
     <span class='ocr_line' id='line_1_24' title="bbox 174 2225 1769 2321; baseline 0.004 -32"><span class='ocrx_word' id='word_1_170' title='bbox 174 2225 579 2290; x_wconf 83' lang='lat' dir='ltr'><strong>transcendens</strong></span> <span class='ocrx_word' id='word_1_171' title='bbox 594 2268 611 2300; x_wconf 86' lang='lat'>‚</span> <span class='ocrx_word' id='word_1_172' title='bbox 635 2238 693 2293; x_wconf 69' lang='grc' dir='ltr'><strong>δὲ</strong></span> <span class='ocrx_word' id='word_1_173' title='bbox 710 2227 780 2292; x_wconf 86' lang='lat' dir='ltr'><strong>ad</strong></span> <span class='ocrx_word' id='word_1_174' title='bbox 802 2227 1042 2291; x_wconf 85' lang='lat' dir='ltr'><strong>caelestia·</strong></span> <span class='ocrx_word' id='word_1_175' title='bbox 1061 2248 1219 2292; x_wconf 88' lang='lat' dir='ltr'><strong>totus</strong></span> <span class='ocrx_word' id='word_1_176' title='bbox 1240 2232 1512 2294; x_wconf 81' lang='lat' dir='ltr'><strong>anhelans</strong></span> <span class='ocrx_word' id='word_1_177' title='bbox 1532 2274 1548 2292; x_wconf 89' lang='grc'><strong>.</strong></span> <span class='ocrx_word' id='word_1_178' title='bbox 1564 2236 1769 2321; x_wconf 80' lang='lat' dir='ltr'><strong>Itaque</strong></span> 
     </span>
     <span class='ocr_line' id='line_1_25' title="bbox 176 2316 1770 2415; baseline 0.007 -34"><span class='ocrx_word' id='word_1_179' title='bbox 176 2316 469 2381; x_wconf 85' lang='lat' dir='ltr'><strong>Fratribus</strong></span> <span class='ocrx_word' id='word_1_180' title='bbox 485 2322 786 2385; x_wconf 80' lang='lat' dir='ltr'><strong>Minoritis</strong></span> <span class='ocrx_word' id='word_1_181' title='bbox 805 2341 1145 2410; x_wconf 82' lang='lat' dir='ltr'><strong>aggregatus</strong></span> <span class='ocrx_word' id='word_1_182' title='bbox 1167 2363 1185 2396; x_wconf 68' lang='lat' dir='ltr'><strong>a</strong></span> <span class='ocrx_word' id='word_1_183' title='bbox 1207 2323 1373 2388; x_wconf 89' lang='lat' dir='ltr'><strong>initio</strong></span> <span class='ocrx_word' id='word_1_184' title='bbox 1393 2324 1578 2388; x_wconf 87' lang='lat' dir='ltr'><strong>statim</strong></span> <span class='ocrx_word' id='word_1_185' title='bbox 1603 2345 1770 2415; x_wconf 88' lang='lat' dir='ltr'><strong>tyro-</strong></span> 
     </span>
     <span class='ocr_line' id='line_1_26' title="bbox 175 2411 1770 2504; baseline 0.007 -31"><span class='ocrx_word' id='word_1_186' title='bbox 175 2411 311 2474; x_wconf 88' lang='lat' dir='ltr'><strong>cinii</strong></span> <span class='ocrx_word' id='word_1_187' title='bbox 332 2430 453 2474; x_wconf 90' lang='lat' dir='ltr'><strong>tam</strong></span> <span class='ocrx_word' id='word_1_188' title='bbox 478 2433 726 2500; x_wconf 84' lang='lat' dir='ltr'><strong>magnos</strong></span> <span class='ocrx_word' id='word_1_189' title='bbox 747 2416 808 2479; x_wconf 89' lang='lat' dir='ltr'><strong>in</strong></span> <span class='ocrx_word' id='word_1_190' title='bbox 827 2417 1041 2478; x_wconf 85' lang='lat' dir='ltr'><strong>virtute</strong></span> <span class='ocrx_word' id='word_1_191' title='bbox 1062 2414 1378 2504; x_wconf 67' lang='lat' dir='ltr'><strong>progressus</strong></span> <span class='ocrx_word' id='word_1_192' title='bbox 1400 2417 1570 2493; x_wconf 81' lang='lat' dir='ltr'><strong>fecit,</strong></span> <span class='ocrx_word' id='word_1_193' title='bbox 1596 2432 1666 2483; x_wconf 69' lang='lat' dir='ltr'><strong>ut‘</strong></span> <span class='ocrx_word' id='word_1_194' title='bbox 1681 2421 1770 2485; x_wconf 89' lang='lat' dir='ltr'><strong>in-</strong></span> 
     </span>
     <span class='ocr_line' id='line_1_27' title="bbox 176 2510 1770 2589; baseline 0.007 -22"><span class='ocrx_word' id='word_1_195' title='bbox 176 2523 262 2568; x_wconf 90' lang='lat' dir='ltr'><strong>ter</strong></span> <span class='ocrx_word' id='word_1_196' title='bbox 284 2522 520 2568; x_wconf 86' lang='lat' dir='ltr'><strong>caeteros</strong></span> <span class='ocrx_word' id='word_1_197' title='bbox 543 2526 646 2569; x_wconf 88' lang='lat' dir='ltr'><strong>ceu</strong></span> <span class='ocrx_word' id='word_1_198' title='bbox 669 2510 942 2571; x_wconf 87' lang='lat' dir='ltr'><strong>emeritus</strong></span> <span class='ocrx_word' id='word_1_199' title='bbox 966 2510 1131 2572; x_wconf 87' lang='lat' dir='ltr'><strong>miles</strong></span> <span class='ocrx_word' id='word_1_200' title='bbox 1164 2514 1462 2589; x_wconf 83' lang='lat' dir='ltr'><strong>emineret,</strong></span> <span class='ocrx_word' id='word_1_201' title='bbox 1487 2512 1770 2578; x_wconf 85' lang='lat' dir='ltr'><strong>omnibus</strong></span> 
     </span>
     <span class='ocr_line' id='line_1_28' title="bbox 174 2596 1768 2671; baseline 0.006 -10"><span class='ocrx_word' id='word_1_202' title='bbox 174 2616 371 2661; x_wconf 84' lang='lat' dir='ltr'><strong>tamen</strong></span> <span class='ocrx_word' id='word_1_203' title='bbox 391 2598 572 2662; x_wconf 89' lang='lat' dir='ltr'><strong>animi</strong></span> <span class='ocrx_word' id='word_1_204' title='bbox 591 2596 947 2664; x_wconf 76' lang='lat' dir='ltr'><strong>demissione</strong></span> <span class='ocrx_word' id='word_1_205' title='bbox 966 2643 982 2667; x_wconf 88' lang='lat'>‚</span> <span class='ocrx_word' id='word_1_206' title='bbox 998 2611 1056 2666; x_wconf 86' lang='lat'><strong>&amp;</strong></span> <span class='ocrx_word' id='word_1_207' title='bbox 1077 2602 1409 2667; x_wconf 60' lang='lat' dir='ltr'><strong>obedientia</strong></span> <span class='ocrx_word' id='word_1_208' title='bbox 1431 2604 1768 2671; x_wconf 88' lang='lat' dir='ltr'><strong>inferiorem</strong></span> 
     </span>
     <span class='ocr_line' id='line_1_29' title="bbox 175 2686 1771 2774; baseline 0.006 -22"><span class='ocrx_word' id='word_1_209' title='bbox 175 2686 233 2752; x_wconf 88' lang='lat' dir='ltr'><strong>se</strong></span> <span class='ocrx_word' id='word_1_210' title='bbox 254 2688 543 2755; x_wconf 89' lang='lat' dir='ltr'><strong>indicabat</strong></span> <span class='ocrx_word' id='word_1_211' title='bbox 561 2734 577 2751; x_wconf 91' lang='lat'><strong>.</strong></span> <span class='ocrx_word' id='word_1_212' title='bbox 605 2695 692 2756; x_wconf 90' lang='lat' dir='ltr'><strong>Sic</strong></span> <span class='ocrx_word' id='word_1_213' title='bbox 715 2694 895 2757; x_wconf 85' lang='lat' dir='ltr'><strong>vitam</strong></span> <span class='ocrx_word' id='word_1_214' title='bbox 915 2691 1081 2759; x_wconf 83' lang='lat' dir='ltr'><strong>suam</strong></span> <span class='ocrx_word' id='word_1_215' title='bbox 1101 2696 1246 2760; x_wconf 61' lang='lat' dir='ltr'><strong>reite</strong></span> <span class='ocrx_word' id='word_1_216' title='bbox 1276 2698 1574 2763; x_wconf 86' lang='lat' dir='ltr'><strong>instituens</strong></span> <span class='ocrx_word' id='word_1_217' title='bbox 1599 2737 1622 2774; x_wconf 80' lang='lat'><strong>‚</strong></span> <span class='ocrx_word' id='word_1_218' title='bbox 1645 2722 1771 2764; x_wconf 85' lang='lat' dir='ltr'><strong>ma-</strong></span> 
     </span>
    </p>
   </div>
   <div class='ocr_carea' id='block_1_3' title="bbox 170 2780 1777 2943">
    <p class='ocr_par' dir='ltr' id='par_1_3' title="bbox 170 2780 1777 2943">
     <span class='ocr_line' id='line_1_30' title="bbox 171 2780 1777 2881; baseline 0.009 -37"><span class='ocrx_word' id='word_1_219' title='bbox 171 2780 395 2864; x_wconf 86' lang='lat' dir='ltr'><strong>joribus</strong></span> <span class='ocrx_word' id='word_1_220' title='bbox 413 2823 434 2861; x_wconf 83' lang='lat'>,</span> <span class='ocrx_word' id='word_1_221' title='bbox 454 2785 766 2877; x_wconf 85' lang='lat' dir='ltr'><strong>aequalibus</strong></span> <span class='ocrx_word' id='word_1_222' title='bbox 781 2828 802 2863; x_wconf 75' lang='lat'>,</span> <span class='ocrx_word' id='word_1_223' title='bbox 825 2788 1147 2881; x_wconf 86' lang='lat' dir='ltr'><strong>minoribus</strong></span> <span class='ocrx_word' id='word_1_224' title='bbox 1180 2789 1381 2860; x_wconf 75' lang='lat' dir='ltr'><strong>charus</strong></span> <span class='ocrx_word' id='word_1_225' title='bbox 1402 2833 1421 2870; x_wconf 81' lang='lat'><strong>,</strong></span> <span class='ocrx_word' id='word_1_226' title='bbox 1440 2802 1499 2860; x_wconf 64' lang='grc' dir='ltr'><strong>ὃ(</strong></span> <span class='ocrx_word' id='word_1_227' title='bbox 1516 2792 1777 2859; x_wconf 85' lang='lat' dir='ltr'><strong>amabilis</strong></span> 
     </span>
     <span class='ocr_line' id='line_1_31' title="bbox 170 2892 1761 2943; baseline 0.009 -4"><span class='ocrx_word' id='word_1_228' title='bbox 170 2892 321 2943; x_wconf 81' lang='lat' dir='ltr'><strong>erat.</strong></span> <span class='ocrx_word' id='word_1_229' title='bbox 1758 2895 1761 2898; x_wconf 84' lang='grc'><strong>’</strong></span> 
     </span>
    </p>
   </div>
   <div class='ocr_carea' id='block_1_4' title="bbox 1074 2986 1690 3054">
    <p class='ocr_par' dir='ltr' id='par_1_4' title="bbox 1074 2986 1690 3054">
     <span class='ocr_line' id='line_1_32' title="bbox 1074 2986 1690 3054; baseline -0.006 -3"><span class='ocrx_word' id='word_1_230' title='bbox 1074 2988 1124 3054; x_wconf 87' lang='grc' dir='ltr'>Β</span> <span class='ocrx_word' id='word_1_231' title='bbox 1498 2986 1690 3053; x_wconf 86' lang='lat' dir='ltr'><strong>Anno</strong></span> 
     </span>
    </p>
   </div>
  </div>
 </body>
</html>
