2180 3220
1529 77 1572 126 6
1580 83 1608 143 3

108 159 336 225 sabatur
350 200 370 234 ‚
395 175 461 223 ut
482 156 676 221 recens
704 153 806 216 illo
829 152 1071 217 rcchtos
1090 151 1257 217 avide
1277 155 1665 241 alloqueretur
1684 196 1708 229 ,

106 253 269 342 quasi
294 273 432 317 tunc
453 250 566 314 Dei
590 245 885 335 praesentia
909 248 966 308 in
995 247 1100 308 illis
1126 245 1440 322 frueretur,
1470 248 1702 311 Christo

109 350 384 415 Domino
404 343 810 420 afferentezQi
829 336 1110 402 manducat
1127 361 1288 401 meam
1304 350 1609 413 carneam&
1628 335 1704 400 bi-

109 437 184 503 bit
204 438 687 525 meumstmguinem
704 478 722 511 ,
741 455 799 492 tn
818 457 895 494 me
914 453 1087 495 manet
1106 478 1125 512 ,
1148 442 1228 499 (9⁴
1243 456 1325 519 ego
1355 439 1410 493 in
1433 456 1484 493 eo
1500 474 1517 493 .

202 533 429 596 Aetatis
452 529 625 613 igitur
663 547 818 590 anno
851 524 1082 589 decimo
1101 566 1120 598 ,
1143 529 1300 589 Feria
1315 529 1388 590 V.
1414 526 1473 588 in
1500 523 1701 588 Coena

111 623 405 695 Domini,
432 619 642 684 Christi
671 621 886 681 amoris
923 618 1218 681 excessum
1258 617 1660 703 contemplans
1687 657 1706 688 ,

106 737 228 804 quo
251 713 306 776 se
333 712 674 776 mortalibus
697 712 756 773 in
776 711 1136 776 Eucharistiae
1165 715 1534 775 Sacramento
1557 706 1705 772 salu-

104 828 285 870 tarem
313 806 509 870 cibum
535 804 828 876 exhibuit,
845 822 1182 890 perpetuam
1208 804 1283 865 illi
1308 802 1545 867 devovit
1571 804 1705 865 Vir-

104 903 410 987 ginitatem
427 945 443 975 ‚
462 910 520 962 &
539 895 819 983 quicquid
844 918 944 982 per
969 914 1193 958 aetatem
1217 914 1439 981 poterat
1457 936 1478 967 ³
1505 912 1704 957 totum

101 991 331 1056 Christo
353 988 704 1055 consecravit
719 1028 737 1059 2
755 986 924 1074 seque
944 986 1281 1051 Parentibus
1301 986 1542 1050 subinde
1567 1009 1706 1049 con-

98 1084 327 1171 jugium
360 1079 731 1146 suadentibus
770 1079 1190 1166 respondebat,
1219 1079 1411 1165 potius
1451 1098 1705 1142 mortem

101 1171 630 1261 subituram‚qu?1m
649 1171 679 1234 a
699 1173 1060 1259 virginitatis
1080 1170 1255 1234 semel
1272 1190 1557 1257 concepto
1576 1194 1707 1258 pro-

101 1267 294 1356 pofito
318 1267 553 1341 resilire3
581 1263 806 1338 beatitis,
826 1267 1096 1352 inquiens
1114 1304 1134 1336 ,
1146 1261 1245 1347 fibi
1269 1261 1484 1336 videri,
1511 1272 1565 1323 in
1590 1285 1706 1324 car-

96 1386 158 1424 ne
181 1366 383 1422 imitari
405 1368 582 1424 vitam
598 1361 660 1422 A
664 1385 695 1421 n
692 1357 913 1444 gelicam
928 1400 946 1429 ,
970 1357 1129 1444 qudm
1146 1381 1212 1417 ex
1232 1380 1380 1418 carne
1403 1356 1706 1419 mortalium

97 1476 372 1515 numerum
392 1459 577 1539 augeri
589 1494 604 1510 .
649 1455 852 1536 Itaque
891 1448 1120 1513 fervido
1155 1447 1409 1512 desiderii
1459 1448 1592 1512 aestu
1629 1446 1702 1511 ad

96 1543 546 1610 sanstimonialis
567 1547 748 1607 vitam
767 1544 829 1604 in
852 1540 1128 1627 perpetua
1149 1542 1504 1626 Virginitate
1529 1540 1702 1625 anhe†

92 1640 517 1711 lans,mattem
544 1635 808 1722 precibus
830 1632 934 1697 fibi
969 1635 1274 1696 conciliare
1308 1631 1602 1706 studebat,
1626 1654 1700 1694 ne

96 1730 313 1794 castum
334 1729 709 1817 propositum
731 1727 1072 1813 impediret3
1098 1728 1241 1813 patri
1275 1724 1412 1790 vero
1435 1725 1702 1789 afferebat

95 1821 290 1886 saneta
316 1823 756 1894 deliberatione,
766 1820 1012 1905 sepotizis
1033 1827 1212 1902 capttis
1233 1815 1505 1902 discrimen
1517 1818 1703 1903 paffit-

94 1938 207 1978 ram
231 1914 323 2001 effi
338 1957 358 1989 ,
375 1912 539 2004 quidm
556 1909 707 1976 aliud
726 1921 850 1976 vitae
873 1937 1037 2001 genus
1058 1912 1305 1999 amplecffii
1323 1953 1341 1985 ,
1351 1933 1539 1999 praeter
1559 1916 1646 1974 M
1649 1936 1702 1972 ο-

95 2010 356 2071 nafz'icum
380 2007 623 2072 :adhoc
649 2009 816 2070 citius
840 2007 1068 2071 evolare
1093 2006 1333 2080 solicita,
1352 2028 1581 2068 moram
1602 2026 1701 2091 pa-

103 2103 148 2162 ti
172 2103 263 2165 vix
286 2098 934 2188 poterat7crescebatque
952 2123 1018 2161 ex
1037 2099 1315 2163 dilatione
1334 2097 1700 2161 desiderium.

193 2195 436 2257 Interim
462 2194 582 2256 ruri
611 2190 828 2280 degens
845 2234 863 2267 7
883 2193 1021 2256 viles
1039 2191 1255 2280 puellas
1271 2233 1289 2266 ,
1308 2188 1468 2278 quafi
1491 2208 1699 2278 tyrun-

103 2284 260 2347 culas
305 2284 408 2348 fibi
439 2283 746 2375 assumptas
762 2327 781 2360 ,
818 2291 869 2350 C
877 2283 1154 2348 hristianae
1192 2286 1362 2371 Legis
1397 2284 1698 2369 praeceptis

100 2375 403 2441 imbuebat
421 2400 437 2455 3
462 2376 742 2466 domique
759 2378 996 2464 lingulis
1017 2377 1184 2441 Pestis
1202 2376 1556 2445 rusticanam
1578 2394 1701 2437 tur-

100 2468 240 2532 bam
265 2471 326 2532 in
360 2493 549 2532 unum
591 2493 994 2558 congregans,
1017 2470 1374 2534 Orationem
1411 2469 1698 2532 Domini-

101 2584 228 2626 cam
242 2603 262 2636 ‚
282 2563 708 2626 Salutationem
730 2565 1077 2649 Angelicam
1096 2607 1116 2638 ,
1136 2561 1418 2648 Fideique
1438 2559 1698 2650 Symbo-

101 2659 225 2718 lum
244 2656 324 2717 illi
350 2655 693 2743 exponebat,
708 2674 906 2744 atque,
923 2675 991 2717 ut
1012 2656 1214 2718 eadem
1231 2655 1399 2716 turba
1420 2653 1695 2716 libentius

103 2749 440 2823 conflueret,
463 2748 809 2835 plerumque
829 2750 936 2811 illis
959 2747 1263 2820 sudariola,
1284 2758 1342 2812 &
1361 2746 1657 2832 gremialia
1673 2786 1693 2817 ‚

101 2836 428 2922 assentiente
452 2862 639 2911 matre
655 2883 674 2920 2
690 2840 979 2909 donabat.
1002 2844 1152 2907 Ruri
1174 2837 1420 2933 proinde
1444 2838 1692 2903 libentet

1468 2951 1600 2997 mo?
