2180 3220
1422 134 1445 177 1
1461 131 1505 195 4
1522 137 1543 176 1

37 207 147 274 bus
170 203 444 296 suppetiae
462 223 913 295 parantur,nova
934 228 964 266 e
942 200 1150 266 Caelo
1171 199 1418 268 subsidia
1439 207 1643 289 adjun

39 303 100 389 gi
121 298 324 364 sedulo
344 321 640 365 curemus·
625 341 643 372 ,
672 295 730 359 id
763 298 934 360 etiam
956 303 1219 383 exigente
1241 296 1509 385 praesenti
1526 306 1644 362 Po-

38 390 208 458 Ioniae
236 394 376 458 statu
404 435 422 468 ,
443 411 508 453 ut
529 394 698 454 aucto
724 390 1027 455 caelestium
1072 393 1256 453 Interc
1232 386 1511 452 efforum
1534 414 1589 451 n
1587 417 1641 452 ῑ

36 511 225 562 mero,
249 506 423 572 atque
448 505 582 571 ope,
609 483 868 574 inclytae,
890 484 1335 573 clariffimaeque
1358 483 1609 545 Natio
1557 504 1642 545 ,213

34 581 272 670 negotia
297 577 542 642 feliciter
559 575 794 640 cedant.

126 669 367 736 Interim
385 693 509 734 non
526 668 829 758 poffumus
849 669 981 734 satis
1023 670 1293 736 admirari
1313 712 1331 745 ,
1359 693 1425 734 ac
1449 666 1647 733 lauda-

33 787 93 829 re
113 763 325 828 divinae
362 767 424 831 in
446 788 556 827 nos
576 765 851 828 bonitatis
872 764 1244 827 abundantia
1234 787 1294 825 m
1311 804 1328 836 ,
1367 786 1497 852 quae
1542 764 1649 825 im-

28 856 290 944 politum
313 855 621 920 humilitati
644 856 847 918 nostrae
865 856 1274 942 graviffimnm
1300 879 1453 919 onus
1476 858 1645 941 Apo-

27 949 216 1013 stolici
247 950 508 1012 muneris
533 949 759 1034 ingenti
780 946 986 1011 solatio
1010 947 1309 1013 sublevare
1340 950 1641 1036 dignatur,

27 1040 174 1106 dcam
191 1040 364 1124 hujus
386 1041 876 1106 Canonizationis
894 1039 1068 1104 decus
1093 1082 1111 1112 ,
1129 1040 1200 1104 ad
1216 1040 1381 1128 quod
1420 1038 1645 1104 Praede-

28 1131 266 1198 cessores
292 1134 467 1198 nostri
487 1135 913 1221 cogitationem
952 1132 1266 1221 specialiter
1296 1131 1645 1209 direxerant,

24 1225 97 1290 ad
121 1227 236 1291 hoc
257 1224 444 1314 usque
466 1245 700 1313 tempus
723 1225 1052 1293 reservavit:
1080 1246 1144 1291 ut
1163 1227 1548 1316 peculiarem,
1577 1247 1642 1287 ae

21 1339 281 1386 veterem
314 1319 570 1385 nostram
595 1317 733 1406 erga
758 1339 1073 1407 utrumque
1097 1326 1343 1385 Beatum
1373 1319 1645 1384 devotio-

27 1436 167 1477 nem
189 1410 428 1500 publico
451 1434 608 1477 nunc
631 1411 970 1477 testimonio
995 1437 1064 1476 ex
1089 1411 1217 1501 ipso
1237 1413 1364 1476 solii
1385 1410 1640 1477 Pontifi-

2 1506 104 1569 ‘cii
129 1504 385 1568 culmine
404 1502 812 1594 profiteremur
838 1549 854 1565 .
908 1506 1097 1570 Tanta
1129 1504 1396 1592 profefio
1432 1505 1545 1568 fuit
1578 1508 1642 1567 in

30 1615 301 1685 utroque.
316 1595 715 1663 sanctimoniae
729 1638 746 1663 ‚
764 1620 1122 1686 morumque
1141 1595 1464 1662 similitudo
1481 1638 1499 1671 ,
1523 1596 1644 1664 sive

25 1692 362 1755 intueamur
383 1693 512 1756 vitae
539 1688 940 1776 asperitatem,
973 1702 1031 1754 δε
1048 1689 1459 1755 abstinentiam
1481 1733 1498 1765 ,
1522 1689 1641 1753 five

26 1783 320 1848 illibatum
343 1785 524 1846 animi
543 1779 858 1845 candorem
880 1824 898 1855 ,
930 1781 1050 1848 five
1073 1781 1433 1846 immensum
1456 1781 1643 1847 divini

29 1877 244 1941 amoris
266 1872 631 1950 incendium,
656 1872 825 1961 quod
846 1873 1306 1962 frequentiffimi
1324 1878 1540 1939 mentis
1562 1898 1645 1938 ra·

0 2036 18 2117 .
9 1986 169 2058 ptus
190 2008 210 2043 ,
232 1977 291 2034 δε
308 1965 537 2033 affidua
557 1988 753 2031 rerum
775 1968 1082 2033 caelestium
1101 1969 1526 2056 contemplatio
1561 1967 1647 2032 se-

7 2056 384 2155 {quebantuss
406 2059 540 2126 five
552 2058 811 2148 denique
835 2060 1141 2137 mirabilia,
1158 2085 1290 2150 quae
1308 2084 1410 2148 pet
1431 2083 1537 2124 eos
1560 2060 1646 2124 di

35 2156 172 2220 vina
187 2149 647 2239 Omnipotentia
660 2154 915 2238 patravit
936 2192 957 2228 ,
982 2175 1047 2217 ut
1067 2154 1518 2236 judicaverimus
1539 2195 1557 2227 ,
1578 2152 1646 2216 fi-

13 2244 162 2316 mul
183 2242 648 2333 promovendam
666 2243 975 2310 amborum
994 2244 1433 2310 celebritatem
1482 2254 1645 2329 Qa-

35 2337 372 2426 dragefimae
383 2337 527 2401 vero
546 2354 781 2426 tempus
799 2335 872 2402 ad
886 2336 944 2403 id
958 2336 1321 2404 traci’tandum
1339 2339 1644 2428 elegimuS,

16 2428 211 2548 ‘quod
229 2443 290 2498 &
317 2452 528 2496 eorum
548 2427 865 2497 sanstitas
847 2454 910 2496 m
940 2431 1302 2498 austeritate
1283 2431 1484 2517 jejunii
1502 2453 1646 2520 pree-

17 2523 213 2649 {cipue
246 2523 462 2601 eluxit,
509 2535 567 2588 Sc
589 2520 680 2588 hoc
709 2525 786 2588 est
829 2545 1028 2615 tempus
1058 2522 1392 2614 acceptabile,
1431 2527 1491 2588 in
1520 2546 1646 2611 quo

15 2615 179 2682 ι’ἑειιῐῐι
221 2619 393 2682 Deus
431 2617 859 2706 placabiliorem
895 2618 953 2683 se
986 2619 1331 2685 mortalibus
1349 2617 1602 2707 praebeat
1624 2656 1646 2690 ‚

43 2709 267 2788 Nobis,
287 2730 352 2777 vt
377 2709 697 2800 speramuS,
714 2709 1158 2778 misericorditer
1175 2711 1477 2788 indicabit,
1493 2708 1647 2800 quid

41 2801 108 2867 in
129 2824 193 2866 re
209 2802 376 2870 tanta
401 2804 646 2873 statuere
664 2805 734 2871 ad
757 2803 841 2870 sui
862 2807 1126 2872 nomin-is
1149 2807 1432 2897 gloriam,
1465 2823 1644 2892 atque

14 2916 20 3005 l
38 2891 493 2970 aedificationem
511 2896 774 2968 fidelium
796 2897 1154 2967 debeamus

10 2350 24 2378 ἃ

11 2380 28 2525 εΜὶ

1431 2995 1545 3055 Vee
