2180 3220
551 62 637 123 24

448 139 689 229 panibus
712 139 886 200 Petro
907 174 927 207 ·,
951 144 1010 200 δε
1041 131 1328 199 Fratribus
1346 132 1418 197 ad
1439 129 1828 199 Conuentum
1870 131 2052 199 defet-

450 251 536 297 ret
561 267 579 305 ,
602 241 661 294 &
681 225 958 293 declinata
979 226 1099 309 jam
1137 225 1227 288 die
1246 266 1266 299 ‚
1293 223 1366 289 ad
1384 225 1536 314 Tagi
1584 226 1834 291 fluminis
1869 229 2052 315 ripam

446 321 806 413 pervenisset,
824 319 985 407 quod
1007 316 1235 383 transire
1253 334 1401 402 opus
1420 338 1555 391 erat,
1580 337 1642 382 ut
1664 323 2051 383 Conventum

450 415 604 481 adire
625 411 842 502 poffet,
866 412 955 477 ille
985 410 1129 475 nihil
1153 410 1378 496 prorsus
1404 409 1603 480 videns
1623 452 1642 486 ,
1673 409 1874 476 innata
1901 409 2050 498 qua-

453 509 588 576 darn
620 503 1117 593 fimplicitate‚vel
1153 503 1383 566 Divino
1417 503 1684 581 instinctu
1707 503 1779 568 ad
1817 502 2056 568 asellum

453 603 513 666 se
537 600 823 666 fistcntem
841 601 919 661 ait
933 620 950 674 3
974 601 1241 687 Ejanger
1262 621 1355 658 cur
1389 620 1494 660 non
1528 593 1763 659 ambulas
1787 637 1808 671 ‚
1831 602 2057 659 Petrum

454 691 520 757 de
540 690 846 759 Alcanmrd
858 695 1116 779 petiturus
1135 690 1156 755 ζ
1189 711 1316 777 quo
1337 689 1536 753 audito
1561 689 1801 754 nomine
1815 730 1836 764 ,
1854 689 2054 754 asellus

453 787 652 854 festine
677 787 908 850 intravit
932 805 1108 871 aquas
1131 823 1149 856 ,
1174 803 1382 870 easque
1403 781 1609 846 solidas
1631 782 1838 867 reperit
1855 823 1875 855 ‚
1896 782 2055 846 &cri-

453 902 659 967 parum
682 878 874 965 aspera
895 880 1012 941 vias
1034 877 1264 963 planas:
1302 879 1379 939 ita
1408 899 1549 963 puer
1597 873 1666 939 ad
1695 879 1933 938 Petrum
1959 895 2055 959 pa·
2128 890 2131 893 ·

457 995 559 1036 nes
577 971 780 1036 detulit
803 968 951 1033 sicco
985 969 1128 1058 pede
1148 992 1163 1045 3
1186 986 1243 1031 at
1286 966 1651 1056 retrogressus
1667 1008 1687 1041 ,
1705 969 1921 1033 flumen
1963 988 2059 1028 ex-

456 1083 651 1153 pertus
676 1062 754 1128 est
773 1061 915 1126 adeo
940 1064 1136 1150 rapido
1163 1062 1347 1125 fluens
1370 1063 1540 1129 alveo
1562 1102 1581 1135 ‚
1608 1080 1672 1124 ut
1699 1061 1795 1124 vix
1838 1055 2053 1149 cymba

455 1179 656 1244 praeter
675 1157 807 1220 vitae
827 1155 1126 1220 discrimen
1150 1153 1340 1219 vadari
1369 1152 1551 1241 poffet
1572 1196 1587 1213 .

555 1249 840 1313 Fundavit
863 1246 1103 1330 subinde
1124 1251 1328 1311 Petrus
1347 1249 1719 1312 Provinciam
1739 1243 2054 1332 S·Iosephi,

461 1364 529 1404 ex
565 1340 685 1429 qud
724 1339 984 1426 prodiere
1020 1338 1292 1407 Custodia
1331 1345 1384 1403 S.
1413 1342 1702 1406 Simeonis
1756 1341 1814 1401 in
1841 1342 2056 1425 Regno

459 1434 728 1499 Galleciae
746 1473 764 1504 2
783 1454 845 1494 ac
864 1432 1176 1502 Provinciae
1199 1433 1422 1495 SaPauli
1449 1435 1506 1493 in
1524 1438 1739 1519 Regno
1772 1429 2024 1493 Castellae
2038 1475 2057 1507 ,

463 1530 595 1592 &80
617 1525 983 1610 Io.Baptistae
999 1525 1057 1585 in
1082 1527 1293 1610 Regno
1311 1524 1589 1588 Valentiae
1608 1565 1628 1598 ,
1652 1524 1683 1586 a
1711 1520 1828 1611 quai
1856 1541 2060 1585 ortum

460 1616 666 1687 habuit
686 1618 992 1681 Provincia
1025 1614 1130 1677 suo
1170 1618 1410 1679 nornine
1443 1635 1812 1701 nuncupata,
1846 1636 2060 1701 nempe

463 1716 537 1777 B.
559 1713 712 1776 Petri
733 1710 807 1773 de
825 1707 1134 1771 Alcantara
1153 1752 1166 1767 .
1194 1710 1421 1795 Peperit
1445 1711 1619 1774 etiarn
1636 1708 1784 1773 didia
1810 1711 2059 1771 Provin-

464 1805 550 1867 cia
568 1807 623 1866 S.
643 1801 874 1890 Iosephi
893 1801 1227 1865 Provincias
1248 1805 1298 1864 S.
1320 1800 1532 1866 Didaci
1554 1806 1613 1867 in
1639 1805 1855 1888 Regno
1872 1802 2062 1864 Mexi-

467 1916 636 1958 cano:
659 1896 989 1981 S.Gregorii
1012 1896 1070 1957 in
1094 1892 1296 1956 Infulis
1326 1894 1680 1983 Philippinis:
1706 1894 1915 1958 Matris
1943 1892 2064 1957 Dei

468 1990 530 2052 in
568 1988 773 2051 Infulis
813 1987 1180 2049 orientalibus
1213 2009 1228 2049 ε
1273 2009 1508 2051 necnon
1558 1993 1903 2052 Conventus
1947 1986 2064 2071 ple-

468 2102 678 2166 rosque
699 2082 758 2144 in
779 2079 977 2141 Infulis
1008 2079 1297 2142 Maluchis
1322 2120 1341 2151 ‚
1361 2091 1418 2143 δε
1438 2080 1497 2143 in
1523 2077 2064 2163 Civitatibuslapo-

469 2170 933 2247 ne,Vomur:‘i,&
957 2175 1195 2237 Meaco.
1217 2174 1304 2235 Sic
1328 2173 1712 2258 multiplicatis
1741 2170 2064 2242 Domibus‚

466 2264 782 2352 augebatur
800 2285 1072 2328 numerus
1089 2269 1375 2336 Fratrum,
1393 2265 1750 2351 augebantur
1777 2260 2064 2350 Seraphici

473 2359 684 2444 Gregis
708 2380 850 2422 oves
868 2356 1131 2434 foetosae,
1155 2355 1507 2421 abundantes
1528 2359 1588 2420 in
1618 2354 1929 2445 egressibus
1951 2351 2062 2417 suis

394 2456 401 2462 “
472 2470 681 2513 omnes
703 2450 957 2535 gemellis
975 2448 1220 2511 foetibus
1240 2490 1258 2522 ,
1283 2447 1436 2534 quasi
1462 2450 1654 2514 sterilis
1677 2469 1799 2510 non
1825 2442 1955 2509 effet
1979 2447 2067 2510 in-

472 2559 561 2605 ter
579 2564 669 2604 eas
689 2585 705 2601 .
724 2542 967 2606 Nullam
988 2541 1357 2605 Provinciam
1378 2545 1577 2606 Petrus
1616 2536 1915 2613 condidit,
1935 2559 2066 2626 quae

475 2632 659 2697 nardo
683 2635 899 2720 pietatis
924 2633 1034 2697 suae
1059 2655 1180 2697 non
1204 2634 1409 2696 oluerit
1445 2631 1692 2697 odorem
1733 2630 2023 2697 suavitatis
2049 2653 2067 2709 ς

475 2744 686 2813 totque
720 2726 1146 2812 Religiosorum
1183 2726 1394 2788 choros
1431 2725 1705 2798 instituit,
1740 2727 1842 2811 qui
1866 2728 2072 2788 Deum

477 2817 613 2896 diu,
631 2823 922 2903 nociuque
946 2819 1244 2884 laudarent
1262 2859 1280 2893 ‚
1303 2828 1359 2883 &
1375 2817 1631 2905 perfeito
1673 2816 1848 2883 corde
1872 2816 2070 2904 dilige-

1811 2927 1936 2974 rent
1961 2929 1978 2968 ε
