2180 3220
447 213 477 231 -r
534 99 671 261 {psa
694 168 897 237 eadem
916 171 1262 237 Cherubina
1276 171 1392 237 alio
1413 172 1600 236 ulcere
1618 211 1638 247 ,
1676 169 1956 240 &lethali
1982 168 2072 236 fe-··

448 269 540 332 bri
555 283 856 354 correpta
891 263 1147 329 extrema
1173 270 1455 330 unstione
1481 269 1712 330 munita
1732 307 1753 342 ,
1793 267 1912 331 fere
1930 277 2070 352 age-³

444 361 560 425 bat
579 361 875 434 animam3
878 361 1093 445 tetigit
1109 357 1493 423 stramentum
1517 401 1537 434 a
1583 362 1646 423 in
1687 382 1812 448 quo
1846 357 2070 423 iacebat

443 455 639 553 Beata
636 493 668 527 ‚
682 465 744 519 δε
765 451 949 517 statim
964 449 1021 515 se
1039 446 1236 515 sanam
1259 454 1508 539 reperit

509 547 698 614 Post
717 549 975 609 m'ortem
1017 546 1197 612 verb:
1230 571 1259 608 e
1237 545 1435 612 tibiis
1462 546 1720 632 corporis
1747 551 1934 610 Beatae
1978 545 2066 610 in-

447 641 629 731 tegi-i
616 682 637 715 ,
677 650 738 704 &
757 641 1079 725 incorrupti
1123 638 1384 704 diutinus
1421 639 1614 726 liquor
1640 632 1910 717 effluxit,
1947 640 2063 702 mi«-

447 736 510 801 κ
548 723 806 821 fragrans
825 774 874 806 ‚
893 742 952 796 &
967 754 1083 798 van
1089 754 1138 815 js
1166 731 1466 798 medendis
1491 729 1869 821 languoribus
1914 729 2060 796 salu-

450 845 626 892 tans

441 954 444 959 ·
541 921 735 984 Maria
762 916 852 983 de
868 918 1136 983 Rovanis
1186 918 1448 983 decimo
1432 943 1549 1003 jam
1577 918 1739 982 sexto
1758 914 1958 982 mense
1979 917 2060 980 le

443 1014 591 1077 thali
609 1011 763 1077 febri
783 1010 1058 1100 prostrata
1081 1054 1101 1085 ,
1125 1023 1184 1076 &
1202 1014 1333 1079 vitae
1362 1011 1459 1098 spe
1483 1015 1714 1099 penitus
1753 1007 2059 1074 destituta
2033 1050 2057 1084 ,

445 1104 519 1170 ad
542 1112 742 1192 pesitus
766 1103 1011 1168 admoto
1033 1103 1138 1168 fibi
1153 1107 1365 1168 florum
1382 1104 1653 1168 fasciculo
1671 1144 1701 1176 ,.
1739 1104 1842 1189 qui
1864 1105 2055 1165 Beatae

444 1200 640 1261 recens
663 1196 946 1260 defuneiae
968 1202 1201 1285 Corpus
1228 1201 1524 1284 tetigerat,
1568 1197 1873 1283 repentino
1895 1193 2051 1260 sorn-

446 1311 530 1354 no
553 1291 892 1376 corripitur,
922 1312 1029 1352 nec
1055 1289 1243 1353 mult&
1265 1288 1396 1378 post
1415 1287 1856 1378 expergefadtae
1900 1287 2052 1351 Ῑεᾶο
2146 1356 2149 1361 s

446 1381 629 1447 defilit
659 1381 890 1468 prorsus
911 1378 1260 1445 incolumis-

537 1473 758 1539 Eadem
785 1476 976 1537 Maria
992 1475 1116 1559 post
1136 1463 1591 1560 quadriennium
1634 1473 1822 1537 rursus
1865 1474 2051 1537 mole-

443 1563 686 1630 stiffima
715 1565 897 1637 febri,
922 1565 1203 1652 variisque
1226 1565 1424 1630 morbi
1460 1565 1998 1655 symptomatibus
1981 1588 2047 1630 m

441 1656 744 1722 discrimen
765 1660 894 1721 vitae
915 1655 1192 1732 adducta,
1220 1658 1520 1722 stomacho
1540 1659 1853 1745 puluillum
1881 1701 1902 1733 ,
1925 1681 2050 1746 quo

442 1754 642 1815 Beata,
664 1751 802 1814 dum
826 1751 1050 1817 viveret
1068 1793 1087 1823 ,
1107 1751 1376 1815 utebatur
1392 1792 1412 1825 a
1437 1752 1762 1840 applicavit,
1783 1761 1842 1816 δε
1864 1751 2044 1839 pristi-

440 1865 529 1930 nae
556 1843 781 1906 {anitati
803 1842 1051 1906 restituta
1076 1844 1196 1906 est.

531 1935 748 2022 Elapfis
779 1934 1026 1997 subinde
1055 1937 1347 2001 menfibus
1368 1980 1386 2012 ,
1421 1888 1573 2001 febri
1594 1980 1616 2012 ,
1659 1936 2048 2004 &acerbiffi-

440 2029 553 2092 mis
568 2027 847 2092 stomachi
866 2027 1167 2092 doloribus
1184 2030 1465 2117 aggressa,
1492 1949 1720 2117 spatio&
1709 2032 1916 2118 integri
1955 2030 2042 2090 bi-

439 2120 659 2184 mestris
680 2120 830 2183 lefio
851 2120 1162 2186 decubuit:
1203 2136 1261 2187 δέ
1283 2123 1467 2186 statim
1487 2147 1549 2185 ac
1588 2125 1845 2187 tunicam
1868 2163 1888 2194 ,
1924 2118 2051 2207 qud.

437 2219 631 2277 Beatae
651 2235 858 2299 corpus
881 2215 1157 2278 amistum
1177 2214 1362 2279 fuerat
1383 2258 1403 2290 ,
1428 2216 1782 2303 superinduit
1807 2260 1829 2294 ‚
1863 2215 2042 2278 euafit
2078 2276 2084 2279 .

439 2306 747 2369 incolumis
773 2350 788 2366 .

533 2397 669 2461 Post
691 2422 915 2462 annum
937 2400 1149 2487 pariter
1169 2404 1231 2465 in
1248 2401 1462 2466 febrim
1484 2399 1688 2464 incidit
1710 2444 1728 2477 ,
1775 2424 1892 2487 qua
1935 2422 2041 2486 per

438 2489 706 2554 bimestre
740 2492 1023 2576 prostrata
1044 2495 1155 2569 est3
1183 2496 1467 2582 produeto
1491 2515 1688 2557 tamen
1709 2493 1879 2580 super
1908 2516 2036 2555 eam

437 2581 606 2668 figno
631 2587 837 2647 Crucis
856 2607 992 2649 curn
1012 2588 1179 2663 velo,
1199 2589 1361 2676 quod
1388 2589 1591 2651 sitiens
1608 2592 1785 2650 Beata
1802 2586 2038 2651 adhibe-

435 2673 536 2739 bat
549 2673 856 2740 sanitatem
878 2682 1108 2767 recepit·

464 2768 844 2831 Catharina
870 2771 938 2833 de
963 2774 1153 2837 Taffis
1174 2771 1533 2839 duodenario
1555 2776 1837 2842 stomachi
1868 2777 2039 2841 dolo-

432 2882 489 2924 re
515 2858 634 2925 dire
660 2863 1167 2949 exagitata,dolore
1192 2869 1392 2953 capitis
1410 2875 1547 2934 cum
1567 2873 1934 2958 vertigine,&
1951 2871 2035 2935 fe·

1847 2964 1884 3025 b
1898 2969 1944 3025 ri
