2180 3220
592 96 724 142 -100

321 168 353 187 ’“
488 190 594 232 mo
634 167 845 230 cibatui
880 164 1179 230 detrahere
1197 162 1456 253 aliquid,
1479 161 1678 249 quod
1662 185 1726 227 in
1749 185 1957 230 eorum
1989 164 2089 229 ali»

488 278 686 326 menta
702 276 1097 322 converteret:
1124 277 1302 364 ratque
1337 255 1574 320 interim
1595 253 1857 320 fercula
1841 259 1907 321 u’s
1937 257 2054 323 du
2039 279 2082 322 1-

489 354 552 417 ni
588 350 749 416 verbi
783 351 1132 416 hutiffima
1120 374 1180 413 m
1202 351 1505 417 meliorem
1524 350 1810 411 materiati
1848 349 1960 412 cibi
1981 373 2081 414 cu

489 445 720 508 mulum
745 442 1077 508 ministrare
1083 438 1354 506 pascebat
1381 447 1582 507 Petrus
1603 462 1851 530 corpora
1868 464 2089 531 egeno-

487 561 643 611 rum,
666 547 725 602 &
742 538 1001 600 animos·
1023 533 1141 622 ipse
1171 532 1425 623 utrisque
1448 530 1613 623 pastis
1635 533 1921 598 charitatis
1943 534 2086 619 adji-

496 630 620 692 ciali
642 630 920 692 convivio
939 625 1295 693 vescebatur

589 725 658 784 M
668 722 790 804 ajus
813 721 898 783 his
917 738 1116 783 tamen
1135 719 1348 784 &illud
1368 719 1664 795 existimo3
1688 741 1951 784 amorem
1981 725 2085 785 Pe-

496 833 587 877 tro
602 812 974 884 latebrarum,
995 822 1051 875 &
1072 813 1290 900 anguli,
1316 811 1636 876 Christiana
1658 812 2087 886 humilita3,stu-

493 905 661 968 dium
681 906 910 992 pietatis
926 946 944 978 ,
961 914 1017 968 ὃς
1036 902 1399 968 necessitudo
1417 927 1552 966 cum
1579 908 1744 968 Deo
1731 908 1932 968 intima
1949 927 2090 967 con·—

494 987 800 1060 ciliabant.
821 996 1193 1060 Aveliebatur
1220 1016 1417 1060 tamen
1439 994 1588 1059 inde
1599 998 1758 1080 ejus,
1788 1021 1916 1084 quae
1937 998 2090 1084 regi-

495 1112 569 1151 na
588 1093 877 1154 virtutum
897 1088 991 1161 est,
1014 1089 1362 1152 Charitatis
1350 1092 1750 1176 imperioque
1768 1095 2005 1153 Petrum
2026 1087 2096 1151 ab

495 1183 815 1245 aretissimo
845 1183 941 1244 illo
967 1183 1081 1245 Dei
1103 1183 1408 1269 complexu
1435 1204 1535 1268 per
1571 1203 1769 1269 preces
1803 1181 1874 1244 ad
1895 1181 2091 1245 homi-

495 1298 642 1337 num
665 1273 1147 1340 consuetudinem
1182 1272 1491 1339 avocabat:
1512 1274 1612 1336 ubi
1637 1276 1795 1335 enim
1826 1272 1896 1336 de
1922 1271 2091 1360 ipsius

495 1364 879 1429 sanotitnoniss
900 1365 1108 1452 longe,
1130 1365 1359 1453 lateque
1391 1366 1548 1428 fama
1571 1366 1931 1450 percrebuit,
1954 1388 2096 1428 con-

496 1459 675 1521 fluere
699 1457 768 1520 ad
788 1457 956 1520 illum
981 1479 1188 1522 omnes
1209 1456 1446 1530 summi,
1473 1456 1669 1530 medii,
1690 1456 2014 1544 infimique,
2031 1477 2096 1520 ut

497 1552 567 1613 ab
587 1548 713 1637 ipso
733 1550 825 1612 alii
843 1548 1153 1621 salutis,alii
1166 1549 1431 1637 perfe&ae
1448 1550 1682 1612 virtutis
1702 1548 1967 1611 semitam
1989 1548 2095 1612 do—

500 1663 783 1705 cerentur.
805 1639 1070 1705 Multum
1097 1640 1343 1728 proinde
1365 1643 1646 1727 temporis
1661 1645 1890 1704 coaestus
1915 1642 1994 1705 est
2013 1660 2095 1704 ta-

501 1736 660 1808 citae,
682 1738 1008 1822 quietaeque
1043 1731 1152 1819 suae
1191 1735 1505 1820 precationi
1539 1730 1894 1808 subducere,
1917 1755 1983 1797 ut
2022 1731 2095 1795 ad

502 1832 709 1890 Deum
730 1832 754 1908 (
774 1827 930 1913 quod
950 1831 1085 1895 Deo
1108 1826 1293 1888 multo
1311 1825 1705 1932 gratissimum
1727 1826 1841 1907 est)
1866 1829 2097 1889 animos

504 1919 894 2006 plurimorum
917 1917 1243 1981 adduceret.
1249 1921 1399 1982 Suo
1383 1939 1525 1981 item
1544 1924 1609 1981 in
1628 1916 1858 1980 Ordine
1882 1942 2098 2007 nequa-

508 2035 688 2098 quam
708 2010 805 2074 diu
830 2008 1122 2094 permistus
1151 2013 1227 2074 est
1248 2014 1351 2073 uni
1388 2010 1489 2074 fibi
1514 2032 1750 2082 vacare,
1774 2031 1955 2098 quem
1980 2013 2101 2073 aliis

508 2101 775 2191 regendis
817 2101 1057 2166 subinde
1095 2102 1408 2167 Coenobiis
1455 2104 1792 2164 communis
1824 2105 2101 2166 omnium

511 2207 757 2268 amon&
778 2193 1173 2259 sanstimoniae
1191 2215 1366 2259 tantae
1387 2195 1722 2258 existimatio
1739 2195 1987 2281 plurima
2003 2193 2101 2258 de-

511 2286 798 2374 poscebat
805 2286 1249 2352 praeficiebatur
1235 2308 1428 2376 itaque
1447 2290 1648 2352 Petrus
1663 2287 1817 2361 aliis5
1836 2287 2102 2351 sedidem

514 2392 572 2443 δε
588 2383 765 2442 animi
781 2421 799 2453 ‚
817 2392 877 2444 &
900 2384 1162 2467 corporis
1187 2383 1268 2444 sui
1288 2382 1474 2469 magis
1491 2422 1509 2452 ‚
1531 2382 1837 2468 magisque
1861 2377 2104 2441 submit-

513 2470 670 2534 tendi
708 2493 890 2534 novas
934 2473 1154 2559 semper
1191 2476 1438 2537 rationes
1457 2514 1476 2546 a
1517 2496 1729 2561 casque
1765 2468 2099 2560 asperrimas

514 2562 1090 2626 comminiscebatur.

570 2655 1039 2720 Laudatiffimae
1054 2656 1398 2745 ,saepiusque
1430 2655 1672 2722 laudatae
1693 2657 1974 2726 Theresiae
1994 2659 2103 2725 ser
2126 2704 2129 2706 -

516 2770 698 2813 mone
722 2747 990 2811 rescitum
1011 2751 1120 2827 est,
1136 2749 1404 2814 saeviente
1426 2773 1528 2837 per
1547 2752 1828 2841 hyemem
1849 2753 2067 2843 frigore
2086 2799 2104 2830 a

519 2825 906 2929 miserumque
930 2845 1084 2908 Petri
1103 2842 1506 2932 corpusculum
1525 2844 1823 2922 adurente,
1840 2850 2107 2937 tugurio*

1974 2942 2015 3003 li
