2180 3220
619 85 647 129 1
669 88 690 130 1
707 71 741 132 8

521 178 693 222 notas
738 156 1142 247 praeseferente
1159 202 1181 235 ,
1205 156 1604 226 asservandam
1651 161 1860 230 detulit
1895 161 1971 228 ad
2014 187 2138 228 ma-

527 268 680 316 trem
696 293 716 314 .
738 254 853 317 Vix
882 275 980 316 eos
995 258 1266 343 attigerat
1283 276 1491 328 annos,
1518 256 1576 317 in
1602 255 1816 343 quibus
1831 280 1899 320 ex
1923 256 2127 322 divino

516 362 767 417 munere
788 351 848 409 in
863 346 1111 410 homine
1130 346 1311 411 intelli
1319 350 1530 436 gentiae
1547 347 1752 412 lumen
1776 349 2133 424 accenditur,

517 439 657 502 cum
683 456 893 504 manus
916 442 1097 526 coepit
1125 438 1199 502 ad
1214 462 1494 528 pauperes
1515 439 1854 516 extendere,
1875 440 2042 530 quod
2064 443 2125 505 in

512 530 655 597 forti
675 533 918 596 muliere
933 531 1422 597 commendatum
1450 535 1732 600 novimus
1762 533 1794 598 a
1829 537 2127 623 Sapiente‚

516 647 659 695 nam
679 646 964 711 tanquam
983 628 1047 688 in
1065 629 1265 714 egenis
1284 627 1519 690 tantum
1539 626 1779 692 esuriret
1809 628 2008 716 puella
2037 628 2125 692 in—

515 722 828 805 tegerrima
842 740 1001 790 ,anon
1021 724 1152 782 raro
1176 716 1547 784 subtrahebat
1567 719 1693 787 fibi,
1712 719 1879 808 quod
1902 723 1961 784 in
1989 743 2128 806 pau-

501 836 677 901 peres
704 809 1100 878 distribueret.
1125 813 1222 875 Illa
1245 816 1423 875 etiam
1445 815 1506 875 in
1527 812 1768 900 parvula
1795 855 1811 888 2
1834 813 2010 900 longe
2037 811 2125 877 su-

510 929 615 993 pra
633 902 885 968 modum
903 909 1084 969 aet-atis
1104 904 1226 968 visa
1245 905 1344 979 est,
1363 905 1660 993 lingularis
1685 906 1830 971 nimi
1839 907 1967 969 rum
1992 903 2122 967 soli-

508 996 712 1063 citudo
732 997 905 1072 ,dum
933 1000 1051 1061 ruri
1077 996 1388 1082 praesertim
1420 998 1653 1085 degeret
1671 1041 1689 1072 ,
1723 998 1946 1062 rusticas
1969 997 2124 1084 puel-

508 1094 591 1156 las
612 1090 953 1159 Christianae
984 1090 1284 1155 doetrinae.
1309 1092 1646 1156 rudimentis
1678 1090 1977 1155 imbuendi
1999 1131 2017 1163 ,
2060 1092 2121 1152 in

507 1209 636 1273 quo
659 1192 900 1251 munere
920 1182 1187 1267 rusti-,cadi
1204 1183 1437 1247 delicias
1452 1185 1547 1246 illa
1571 1185 1904 1269 reponebat3
1924 1206 2124 1269 quam·

508 1282 599 1342 vis
618 1278 734 1361 jam
757 1288 958 1349 tum&
973 1278 1111 1339 alias
1128 1275 1400 1341 derivaret
1416 1280 1445 1339 ἐ
1469 1280 1632 1340 Caelo
1655 1280 1712 1340 in
1733 1274 2115 1340 attentiffima‘i

508 1393 703 1434 rerum
720 1364 1059 1435 divinarum
1091 1362 1586 1455 contemplatione
1608 1409 1627 1441 ,
1649 1369 1769 1456 qua
1795 1389 1861 1431 ut
1887 1368 2117 1432 liberius

504 1463 793 1529 frueretur
818 1504 837 1535 ,
863 1460 1161 1529 secedebat
1190 1461 1508 1525 identidem
1546 1464 1605 1523 in
1640 1460 1988 1524 abditiorem
2021 1459 2120 1523 ali-

506 1579 689 1642 quem
726 1551 943 1617 domfis
976 1556 1263 1640 angulum
1284 1597 1304 1630 ‚
1352 1556 1549 1641 ibique
1590 1572 1831 1639 excepto
1869 1550 2116 1641 genibus

504 1670 785 1734 corpore,
808 1647 1131 1733 palmisque
1169 1645 1493 1732 suppliciter
1515 1694 1533 1725 ,
1559 1666 1658 1709 aut
1690 1646 1761 1708 ad
1798 1651 1996 1732 pectus
2023 1642 2116 1707 ad-

508 1744 722 1813 motiS,
748 1758 845 1802 aut
872 1738 1117 1825 lupinis
1114 1782 1131 1813 ,
1163 1758 1259 1801 aut
1284 1740 1634 1825 duplicatis,
1641 1742 1909 1802 animum
1935 1761 1968 1798 a
1991 1737 2115 1799 sen-⁶

506 1833 662 1901 fibus
684 1831 985 1905 avocabat,
1002 1842 1057 1895 &
1075 1830 1233 1915 spem
1250 1855 1891 1918 omnem,amoremque
1915 1827 2114 1918 quoad

508 1945 736 2032 poterat
754 1910 1223 1988 transfundebat
1212 1948 1276 1986 m
1301 1930 1534 1989 Deum.
1553 1930 1625 1988 Et
1646 1944 1898 2011 quantus
1921 1924 2114 1986 oranti

507 2021 718 2105 virgini
742 2017 931 2081 divini
969 2017 1236 2080 ardoris
1213 2042 1241 2080 e
1261 2020 1423 2080 Caelo
1461 2019 1616 2080 calor
1651 2017 1928 2080 incideret
1950 2054 1969 2087 ,
1990 2015 2113 2077 duo

505 2110 784 2197 praecipue
823 2107 1217 2197 fignificabant
1237 2154 1252 2182 ,
1275 2109 1445 2174 dolor
1490 2110 1769 2173 nimirum
1793 2150 1811 2182 ,
1836 2131 2016 2195 quem
2043 2130 2112 2168 ex

506 2205 828 2266 hommum
851 2206 908 2265 in
932 2209 1135 2283 Deum
1151 2199 1378 2267 offenfis
1399 2223 1631 2267 tanturn
1659 2200 2115 2288 concipiebat2ut

507 2295 805 2360 insomnes
833 2295 1145 2383 aliquando
1170 2302 1366 2360 nostes
1385 2300 1533 2358 inter
1549 2298 1832 2385 lacrymas
1854 2293 2112 2356 traduce·

503 2413 590 2452 ret
608 2433 624 2461 ‚
650 2401 703 2452 ὃ(
720 2387 901 2452 fames
923 2388 1192 2475 quaedam
1212 2388 1392 2453 divini
1418 2394 1578 2475 panis
1594 2432 1612 2463 ,
1631 2412 1755 2476 quo
1789 2386 1932 2449 dum
1956 2406 2106 2448 non-

510 2481 653 2545 dum
681 2504 778 2558 per
817 2501 1040 2544 aetatem
1065 2481 1214 2545 vesci
1252 2482 1484 2557 liceret,
1509 2479 1835 2567 ejus-odore
1871 2480 2108 2540 recreari

508 2572 708 2637 mirific
723 2575 750 2636 ἐ
768 2572 1072 2637 videbatur
1091 2617 1111 2648 ,
1133 2595 1305 2661 atque
1332 2574 1460 2638 ideo
1475 2577 1507 2638 a
1529 2577 1723 2638 matris
1744 2575 1916 2636 latere
1933 2614 1951 2644 ‚
1967 2571 2107 2633 alio-

510 2689 760 2753 rumque
784 2666 1411 2754 domesticorum3quos
1432 2687 1672 2732 noverat
1698 2665 1899 2731 caelesti
1919 2664 2108 2727 feren,-

514 2759 573 2820 lo
597 2760 839 2823 refectos
858 2802 880 2835 ,
903 2762 1066 2825 avelli
1083 2764 1175 2826 vix
1199 2781 1425 2849 poterat
1446 2809 1465 2826 .
1490 2766 1573 2825 At
1600 2762 1699 2824 ubi
1725 2759 1982 2847 primum
2012 2756 2108 2820 de-

503 2856 678 2917 cenni
700 2854 856 2916 licuit
882 2854 1148 2940 angelicae
1173 2854 1380 2920 mensae
1402 2856 1771 2935 accumbere,
1787 2855 2004 2917 amoris
2030 2869 2108 2913 te·

1942 2942 2013 3004 ds
